3600 5334
818 632 859 695 25

287 825 353 890 tivo
368 817 501 908 δόκησις
515 818 693 904 conjuncti;
716 838 779 903 quo
800 816 923 882 factum
944 821 1003 898 est,
1024 821 1061 882 ut
1082 837 1178 902 quam
1201 818 1393 883 sententiam

288 929 384 1013 putta
405 925 509 990 verbis
530 918 663 1010 δόκησις
685 914 790 1006 dyada
812 914 915 1005 λόγων
936 926 1049 984 notare
1071 919 1224 999 voluerit,
1246 918 1394 985 dubitent

288 1029 434 1096 homines
456 1027 550 1091 docti.
594 1025 724 1090 Rectius
741 1044 838 1108 quarn
853 1023 1035 1088 Ellendtius
1056 1021 1219 1087 notionem
1243 1022 1391 1106 „ignota“

290 1131 482 1197 translatam
505 1149 573 1194 esse
594 1127 627 1192 in
649 1127 786 1192 similem
810 1148 929 1208 ,ncva,
955 1127 1196 1210 inexspectata“
1220 1125 1394 1205 existimat,

289 1233 434 1319 plerique
453 1233 591 1298 editores
615 1231 777 1310 ,incerta“
802 1229 975 1314 explicant,
997 1229 1091 1293 modo
1113 1248 1153 1292 ne
1176 1248 1285 1293 vocem
1304 1221 1394 1315 ἄφα-

289 1331 359 1423 ιής,
393 1355 458 1418 qua
486 1334 633 1400 similiter
663 1333 750 1398 dicta
778 1331 822 1397 ad
848 1332 1073 1417 explicandum
1101 1331 1182 1396 illud
1204 1323 1308 1416 ἀγνὼς
1330 1353 1395 1397 non

289 1439 425 1504 multum
444 1437 615 1516 confertur,
640 1441 672 1500 et
693 1427 823 1519 ἀγνῶτα
844 1429 996 1523 φθόγγον
1019 1436 1092 1499 Ant.
1111 1439 1201 1516 1001,
1224 1435 1309 1519 quod
1327 1456 1395 1516 „so

290 1563 365 1606 uum
394 1561 528 1620 novum,
566 1540 838 1622 inexspectatum“
868 1535 1043 1621 significat,
1082 1538 1338 1621 comparaverint
1356 1543 1393 1622 ¹).

291 1643 422 1722 Subest,
456 1644 482 1707 si
504 1641 581 1725 quid
603 1638 712 1718 video,
745 1639 809 1704 illis
837 1640 942 1705 verbis
964 1639 1043 1704 haec
1065 1640 1240 1705 sententia:
1279 1637 1395 1724 opinio,

292 1767 374 1830 quae
406 1767 426 1810 a
455 1744 560 1809 verbis
593 1743 753 1823 nascitur,
793 1736 909 1826 (λόγων
938 1742 1025 1807 enim
1054 1764 1074 1807 a
1102 1736 1235 1829 δόκησις
1263 1743 1395 1829 pendet)

291 1849 420 1933 ignara,
435 1848 455 1911 i.
473 1868 499 1912 e.
523 1867 605 1931 quae
628 1867 693 1911 non
715 1845 863 1929 expertis,
887 1844 942 1909 sed
964 1844 1058 1910 dictis
1079 1844 1202 1910 nititur.
1220 1882 1260 1892 -
1283 1844 1397 1910 (lonle-

290 1951 427 2017 rendum
447 1971 520 2015 cum
547 1949 597 2014 his
626 1953 675 2013 est
702 1948 896 2032 adjectivum
918 1938 1082 2028 όιισστος,
1116 1947 1202 2031 quod
1220 1946 1289 2031 jam
1310 1947 1397 2031 apud

290 2055 465 2120 Homerum
488 2058 521 2117 et
544 2052 713 2135 „ignarus“
738 2057 770 2114 et
794 2051 960 2133 ,ignotus“
978 2049 1182 2134 significat2),
1205 2055 1238 2114 et
1252 2054 1397 2115 nostrum

291 2156 536 2238 „unerfahren“‚
559 2174 623 2238 quo
642 2153 770 2238 proprie
792 2173 853 2232 res,
876 2172 973 2235 quam
996 2158 1193 2237 compertam
1215 2173 1280 2218 non
1301 2153 1398 2218 habe·

292 2281 378 2339 mus,
403 2258 517 2323 deiude
540 2256 635 2321 homo
658 2255 825 2339 imperitus
846 2253 1018 2319 indicatur.
1040 2293 1083 2302 —-
1118 2254 1163 2320 Ut
1184 2276 1317 2340 pergam
1339 2256 1397 2319 hn-

287 2363 342 2448 jus
363 2381 440 2426 usus
461 2359 608 2443 exempla
630 2379 712 2442 quae
736 2357 1037 2423 commemoratione
1064 2357 1129 2422 sint
1151 2356 1249 2442 digna
1270 2380 1399 2424 enume-

291 2484 379 2530 rare:
404 2453 576 2549 όψαυσισς
590 2463 624 2526 in
641 2461 676 2526 Ο.
694 2462 730 2525 R.
749 2464 820 2540 969,
842 2480 943 2543 eoque
964 2481 1028 2524 uno
1050 2459 1120 2526 loco
1142 2462 1244 2526 active
1260 2461 1396 2527 dictum:

294 2589 378 2649 ,non
400 2569 554 2648 tangens“
579 2564 748 2648 reperitur.
773 2599 814 2609 —-
859 2563 1021 2628 Audacter
1047 2567 1144 2648 poeta
1172 2565 1205 2629 in
1236 2566 1311 2628 Ant.
1336 2569 1398 2629 394

296 2668 453 2754 adjectivo
483 2659 663 2749 ἀπώμοτος
691 2667 755 2731 vim
785 2667 923 2731 activam
950 2666 1101 2750 subjecit,
1137 2673 1174 2732 ut
1207 2688 1318 2733 sensus
1340 2668 1399 2747 sit;

298 2791 512 2860 ,quamquam
524 2769 707 2852 abjuravi“;
731 2769 900 2852 quodcum
913 2768 1132 2850 sibisumeret,
1154 2790 1218 2833 non
1233 2770 1400 2835 immemor

295 2875 358 2942 fuit
379 2896 488 2940 eorum
513 2893 595 2956 quae
617 2893 646 2936 v.
671 2876 733 2936 388
755 2871 897 2937 dixerat:
921 2874 1091 2959 βροτοῖσιν
1113 2864 1207 2938 aiddu
1228 2865 1399 2937 ἐστ’όιιιί-

294 3000 405 3062 pocot,
429 2976 484 3043 sed
499 2975 631 3042 consilio
646 2974 731 3040 idem
746 2975 936 3042 vocabulum
950 2976 1109 3061 repetivit,
1131 2975 1303 3060 repetitum
1318 2997 1399 3042 novo

296 3103 391 3148 sensu
414 3080 541 3146 ornavit
552 3081 592 3158 3),
614 3083 736 3143 utnon
759 3078 880 3162 injuria
901 3078 1188 3162 significationibus
1210 3079 1322 3144 ludere
1337 3078 1401 3144 dici

295 3185 396 3270 possit
411 3187 450 3262 4).
497 3182 579 3262 Quin
601 3182 698 3246 immo
721 3202 817 3265 quam
841 3181 874 3246 id
896 3202 970 3247 vere
988 3182 1170 3266 judicatum
1191 3181 1248 3262 sit,
1270 3202 1309 3246 ex
1331 3181 1400 3266 ipsc

296 3287 395 3371 priori
417 3285 472 3350 illo
493 3278 673 3366 ἀπώμοτον
688 3285 898 3367 cognoscitur,
922 3286 1040 3370 quippe
1062 3284 1148 3369 quod
1170 3285 1204 3350 in
1226 3285 1312 3350 hunc
1333 3284 1400 3350 fere

297 3407 424 3452 sensum
450 3387 582 3453 abierit:
621 3387 720 3468 ,nihil
751 3393 800 3453 est
829 3388 915 3472 quod
938 3393 1127 3454 eventurum
1149 3407 1213 3452 non
1235 3408 1303 3453 esse
1327 3407 1400 3452 con-

296 3490 427 3558 tendere
449 3489 571 3574 possint
597 3490 785 3570 mortales“;
822 3511 965 3574 quanam
992 3490 1026 3556 in
1056 3512 1090 3555 re
1121 3489 1257 3555 audacia
1285 3492 1400 3574 politae

296 3598 447 3660 cernatur
462 3591 489 3656 si
505 3591 763 3674 quaesiverimus,
785 3613 860 3658 mox
875 3593 1055 3678 apparebit,
1078 3592 1281 3677 adjectivum,
1304 3593 1399 3676 quod,

296 3719 366 3763 cum
391 3696 553 3762 notionem
575 3694 748 3778 abjurandi
769 3693 897 3773 habeat,
921 3697 1015 3780 vulgo
1031 3695 1071 3760 de
1085 3694 1181 3760 rebus
1195 3700 1293 3759 antea
1307 3694 1401 3760 factis

295 3802 484 3884 usurpatur,
518 3796 579 3862 hoo
601 3798 672 3863 loco
695 3799 734 3863 de
757 3795 853 3862 rebus
875 3796 993 3863 futuris
1015 3797 1139 3882 eisque,
1177 3818 1259 3881 quae
1281 3820 1345 3864 non
1366 3799 1401 3863 in

295 3907 454 3986 potestate
477 3901 621 3984 ejusqui
645 3901 775 3985 abjurat
796 3901 869 3979 sint,
892 3921 997 3983 neque
1019 3900 1060 3965 ab
1083 3899 1153 3984 ejus
1168 3900 1329 3985 pendeant
1348 3923 1401 3968 vo
1433 3930 1440 3941 ·

295 4004 436 4085 luntatc,
468 4004 524 4068 sed
546 4025 627 4088 quas
649 4005 798 4088 opinione
820 4009 948 4067 tantum
970 4008 1177 4089 assequatur,
1210 4012 1400 4090 usurpatum

366 4265 387 4334 ¹)
424 4261 497 4318 lllnd
513 4260 680 4330 Diudorfius,
700 4261 753 4317 hoc
772 4261 931 4317 Wunderus
948 4257 1052 4316 attulit.

364 4353 388 4422 ²)
423 4350 459 4406 cf.
477 4349 605 4404 Eustath.
628 4350 706 4418 1684,
721 4351 755 4402 38
775 4349 837 4420 (Od.
856 4352 904 4421 XI,
918 4350 988 4419 274).
1024 4351 1158 4420 Krueger,
1176 4348 1198 4418 l,
1216 4350 1259 4419 41,
1281 4349 1322 4418 11,
1340 4351 1383 4403 26.

364 4440 388 4510 3)
425 4439 456 4494 G.
474 4434 562 4493 Wolff
576 4434 611 4490 ad
631 4454 657 4490 v.
677 4436 735 4491 ld'l.

364 4527 388 4596 ⁴)
424 4526 456 4582 0.
472 4525 589 4582 Mueller
606 4525 641 4594 Π,
662 4525 720 4579 140.
