3600 5334
833 625 873 687 29

303 815 388 899 quod
411 813 520 878 deesse
543 832 606 875 nun
628 813 742 894 potest,
766 830 862 874 sensu
884 809 1029 876 factitivo
1052 831 1072 873 a
1094 809 1249 894 Sophocle
1271 832 1406 895 usurpa-

302 924 372 982 tum
395 937 463 982 esse
486 914 695 980 concedamus
711 915 746 994 1).
790 912 865 977 Fuit
886 914 966 979 haec
988 913 1167 978 Hermanni
1188 934 1314 997 quoque
1336 934 1406 978 sen·

304 1021 421 1099 tentia,
459 1038 523 1101 qua
545 1023 652 1082 tamen
674 1020 785 1099 postca
807 1021 933 1080 mutata
954 1014 1111 1080 Wunderi
1132 1015 1350 1098 conjecturam
1372 1016 1405 1079 iu

304 1127 429 1200 textum
450 1118 578 1202 recepit.
625 1119 713 1196 Quae
736 1116 913 1182 Lobeckius
935 1117 977 1182 ad
1000 1119 1050 1201 Α).
1075 1121 1136 1183 869
1161 1119 1317 1183 causativi
1338 1140 1407 1184 ver-

304 1225 416 1290 borum
438 1244 513 1286 usus
535 1223 664 1306 collegit
685 1218 841 1304 exempla,
865 1239 904 1283 ea
926 1220 1054 1303 quidem
1078 1220 1173 1285 aliter
1195 1222 1302 1287 omnia
1323 1241 1407 1286 com·

303 1331 418 1409 parata
440 1330 516 1388 suut
538 1331 635 1408 atque
656 1318 806 1409 δεωρὲω,
845 1321 931 1404 quod
958 1343 1029 1387 cum
1051 1323 1180 1406 proprie
1202 1323 1407 1388 transitiram

303 1429 366 1491 vim
389 1426 523 1507 habeat,
560 1448 623 1492 nou
651 1425 761 1491 addito
789 1425 971 1489 accusativo
993 1425 1111 1508 objecti
1131 1427 1260 1510 plenam
1282 1431 1407 1491 seuten-

302 1531 382 1595 tiam
405 1550 468 1594 nou
490 1529 652 1612 prod1t2);
677 1533 820 1592 attamen
843 1526 979 1591 conferri
1000 1535 1135 1612 possunt
1155 1550 1265 1595 versus
1286 1528 1407 1612 Sopho-

303 1632 390 1696 cleus
413 1637 445 1696 et
466 1631 664 1710 Pindaricos,
686 1630 769 1694 alter
790 1634 839 1695 cst
862 1630 971 1713 Ajacis
993 1653 1021 1696 v.
1047 1635 1126 1696 869:

432 1727 561 1810 κούδείς
583 1727 762 1798 ἐπίσταταί
784 1755 826 1814 με
848 1735 1037 1816 σομμοιθεῖν
1058 1728 1172 1813 τόπος,

304 1837 359 1902 ubi
389 1837 430 1902 ad
458 1835 651 1900 infinitivum
682 1837 870 1917 συμμαδεῖν
898 1857 963 1901 non
992 1857 1085 1920 posse
1113 1836 1218 1901 audiri
1248 1829 1334 1900 d'cce
1366 1873 1407 1884 -

305 1961 387 2024 quae
409 1939 470 2004 fuit
493 1939 638 2022 Elmsleji
660 1938 819 2002 sententia
841 1980 881 1991 -
905 1938 1085 2003 luculenter
1107 1938 1247 2004 ostendit
1269 1938 1408 2003 Diudor-

304 2043 380 2122 fius,
410 2048 443 2106 et
465 2040 673 2124 conjecturis,
704 2061 777 2104 cum
798 2039 903 2105 facilis
925 2061 1027 2123 eaque
1048 2040 1223 2124 probabilis
1244 2041 1409 2125 proposita

304 2166 367 2209 non
390 2145 448 2224 sit,
471 2143 696 2208 abstinendum
716 2163 785 2206 esse
803 2142 931 2226 judico,
968 2142 1054 2226 quod
1077 2144 1103 2207 si
1125 2150 1211 2208 recte
1232 2143 1332 2224 facio,
1362 2145 1409 2208 ita

305 2252 431 2312 tantum
461 2245 640 2310 enodantur
662 2245 774 2324 verba,
804 2250 841 2308 ut
869 2265 944 2309 voce
977 2247 1166 2327 σομμαθεῖν
1193 2267 1252 2330 pro
1281 2241 1410 2327 διδάξαι

304 2350 410 2434 posita
438 2348 521 2412 hanc
551 2346 657 2412 efferri
683 2347 875 2411 seutentiam
899 2347 1132 2413 existimemus:
1173 2348 1300 2430 „nullus
1321 2349 1409 2414 locus

304 2451 445 2518 adsumit
467 2471 517 2514 me
539 2451 572 2528 in
596 2450 854 2529 conscientiam,
888 2450 954 2514 sive
977 2449 1105 2530 ,nullus
1126 2450 1215 2515 locus
1236 2452 1304 2534 ipse
1325 2472 1409 2516 com·

304 2560 431 2637 perium
454 2552 575 2617 habens
597 2573 647 2615 me
669 2550 748 2616 facit
769 2553 950 2617 conscium“
968 2554 1009 2634 3).
1054 2551 1271 2617 Consimiliter
1291 2556 1410 2638 γνῶναι

305 2656 466 2719 causative
489 2655 610 2719 dictum
633 2661 798 2737 ,apertum
819 2653 944 2718 facere“
968 2654 1128 2738 significat
1147 2655 1234 2740 apud
1249 2654 1341 2720 Pind.
1359 2655 1407 2720 01.

305 2757 359 2837 VI,
384 2762 440 2836 89,
471 2756 527 2821 ubi
547 2755 627 2819 haec
649 2755 816 2840 leguntur:
848 2748 983 2842 ὄτρυνον
1003 2760 1058 2821 νῦν
1079 2750 1228 2844 ἑταίρους
1250 2796 1290 2806 -
1312 2757 1409 2822 κελα-

308 2859 406 2948 δῆσαι
433 2861 553 2945 γνῶναι
581 2852 609 2920 τ’
631 2853 747 2922 ἔπειτα
776 2858 865 2939 κτλ.,·
901 2858 1011 2924 confer
1037 2859 1177 2924 medium
1205 2861 1300 2945 hujus
1322 2862 1410 2927 verbi

305 2983 404 3046 genus
432 2963 544 3028 eadem
572 2961 602 3024 vi
630 2967 819 3044 usurpatum
846 2960 880 3026 in
904 2961 953 3026 Ol.
977 2962 1067 3043 XIII,
1090 2966 1163 3045 34).
1208 2967 1359 3029 dtamen
1382 2965 1409 3029 si

306 3066 377 3148 quis
405 3071 443 3130 ut
471 3072 538 3129 tam
567 3064 666 3129 libere
696 3063 882 3147 Sophoclem
915 3066 1011 3131 verbo
1045 3068 1184 3153 θεωρεῖν
1215 3088 1309 3131 usum
1338 3087 1406 3131 esse

306 3167 416 3232 credat
445 3187 509 3231 non
540 3167 725 3245 adducitur,
760 3167 789 3229 ei
817 3168 1081 3250 acquiescendum
1110 3174 1160 3233 est
1187 3171 1221 3233 in
1249 3170 1410 3245 sententia

306 3288 433 3344 eorum,
471 3271 525 3352 qui
555 3270 668 3334 vitium
696 3271 731 3333 in
760 3270 949 3353 pronomine
976 3267 1055 3352 ἐμὶν
1076 3271 1177 3336 latere
1199 3277 1408 3352 censuerunt,

306 3389 345 3433 ac
365 3371 471 3452 potuit
492 3372 604 3434 vitium
628 3372 702 3436 inde
726 3372 816 3451 oriri,
849 3371 935 3454 quod
965 3375 1071 3439 scriba
1096 3376 1264 3440 immemor
1290 3374 1410 3457 signifi-

306 3470 456 3550 cationis,
479 3493 575 3554 quam
598 3495 837 3557 nonnumquam
859 3475 958 3540 habet
978 3468 1089 3557 dppta:
1119 3477 1355 3561 „spectaculum
1372 3482 1409 3558 ⁵),

306 3572 495 3637 vocabulum
518 3575 602 3657 quod
625 3577 822 3656 pronominis
842 3579 1012 3658 possessivi
1032 3580 1102 3643 loco
1116 3579 1256 3662 positum
1278 3581 1409 3660 invenit,

306 3677 353 3740 ita
374 3677 527 3756 mutavit,
560 3682 596 3739 ut
618 3676 706 3739 aliud
729 3677 771 3740 ad
792 3679 957 3742 notionem
979 3679 1062 3743 oculi
1086 3687 1197 3765 aptum
1219 3689 1354 3765 poneret
1368 3684 1407 3764 6).

307 3779 368 3844 Pro
391 3784 478 3844 certo
500 3779 533 3842 in
556 3799 591 3843 re
614 3777 735 3843 difficili
758 3779 816 3845 hoc
832 3801 931 3844 unum
953 3781 1064 3863 habeo,
1087 3805 1195 3874 rocem
1211 3781 1411 3872 θεωρήσασα

307 3924 512 3934 m

380 3990 399 4057 ¹)
433 3988 545 4042 Lobeck
564 3989 598 4042 de
616 3989 708 4044 verbis
727 3990 894 4044 Graecorum
912 3991 1045 4046 factitivis
1063 4010 1090 4060 p.
1106 3993 1130 4045 7.

257 4117 261 4124 .
378 4077 400 4145 2)
437 4076 548 4130 Lobeck
566 4077 610 4145 Aj.
628 4095 655 4146 p.
670 4078 704 4129 98
723 4079 786 4132 adn.
800 4080 839 4130 16.

376 4163 399 4232 ³)
434 4164 508 4218 Audi
519 4163 721 4218 Hermannum:
741 4162 831 4222 οὐδεὶς
847 4161 934 4222 τόπος
951 4164 1133 4236 ἐπιστάμενος
1149 4167 1226 4216 ποιεῖ
1240 4181 1276 4235 με
1294 4179 1406 4236 συμμα-

307 4256 370 4304 osto
388 4252 535 4306 dicentem.

378 4339 400 4408 ⁴)
435 4338 546 4392 Boeckh
564 4337 715 4407 Explicatt.
734 4341 770 4394 ad
787 4339 867 4394 Pind.
884 4341 938 4394 vol.
957 4339 991 4409 II,
1010 4356 1075 4408 pars
1093 4342 1118 4410 2,
1136 4358 1165 4409 p.
1185 4341 1244 4394 162.

378 4426 402 4495 ⁵)
438 4425 474 4482 ci.
491 4444 518 4495 p.
537 4429 572 4479 28
590 4427 652 4481 adn.
674 4431 696 4482 l.

377 4514 399 4582 6)
434 4509 540 4568 relicta
558 4515 601 4570 vel
619 4516 709 4570 simile
727 4516 794 4584 quid
811 4516 945 4588 scriptum
963 4531 1023 4572 esse
1040 4516 1140 4585 potuit.
