3600 5334
961 608 1002 669 20

549 789 635 879 πρὸς
652 787 686 860 τί
707 789 919 878 ἐπιστρέφεις
939 782 1020 875 dycta
1042 787 1137 879 τήνδε
1159 787 1301 873 closum

421 895 620 961 Vocabulum
648 895 733 960 enim
762 891 976 983 ἑπίστρεφεις
1004 897 1031 962 si
1056 896 1197 980 ,poseis“
1222 895 1395 977 significat,
1432 914 1453 957 a
1474 914 1530 957 110-

421 998 526 1063 tione:
553 998 670 1079 ,vertis
691 999 725 1061 in
747 1003 811 1078 te“,
835 999 855 1063 i.
878 1019 905 1062 e.
933 1019 1048 1083 ,paras
1063 998 1143 1063 tibi“
1167 999 1209 1062 ad
1232 1019 1302 1063 eam
1325 996 1531 1080 significatio·

422 1121 496 1165 nem
518 1101 710 1165 translatum
732 1105 789 1179 est,
814 1101 861 1166 sin
888 1106 1019 1181 „curas“
1043 1101 1221 1178 intelligere
1242 1101 1403 1180 malueris,
1431 1120 1531 1182 genus

423 1202 561 1267 activum
577 1203 608 1267 vi
624 1202 720 1267 medii
731 1203 923 1268 instructum
937 1209 995 1268 est.
1006 1242 1046 1251 -
1068 1203 1107 1267 In
1120 1207 1192 1267 Ant.
1208 1208 1245 1267 19
1258 1202 1371 1268 verba:
1396 1193 1426 1266 c’
1438 1197 1531 1277 ἐκτὸς

423 1303 536 1370 πυλῶν
552 1301 739 1387 ἐξέπεμπον
754 1310 840 1370 recte
856 1305 1076 1371 aschaliesta:
1100 1302 1360 1392 μετεπεμπόμην
1370 1305 1531 1389 explicata

423 1427 491 1473 esse
513 1407 630 1491 liquet3
669 1414 766 1492 atque
789 1408 864 1473 inde
886 1409 973 1492 quod
994 1410 1119 1490 insigne
1141 1411 1202 1473 hoc
1223 1409 1405 1492 exemplum
1426 1427 1530 1489 neque

424 1510 464 1576 de
494 1511 655 1575 sententia
683 1531 787 1594 neque
817 1511 856 1575 de
887 1510 1023 1576 lectione
1052 1511 1152 1575 ullam
1186 1512 1330 1576 admittit
1358 1509 1532 1575 dubitatio

423 1632 513 1691 nem,
552 1613 689 1678 multum
712 1613 754 1679 ad
779 1613 946 1697 Sophoclis
974 1614 1137 1679 licentiam
1165 1613 1436 1698 comprobandam
1457 1633 1531 1677 con-

423 1714 535 1780 fertur.
559 1753 600 1764 -
637 1715 735 1780 1110.
761 1715 794 1780 O.
822 1721 901 1780 1057
929 1713 1074 1800 ἐμμίξειν
1102 1722 1151 1781 est
1180 1738 1313 1798 „manus
1336 1718 1531 1791 consererc“,

425 1839 498 1882 cum
519 1818 696 1884 Hermanni
719 1820 894 1899 sententia,
919 1841 985 1904 qua
1007 1821 1138 1884 verbum
1160 1820 1300 1904 suppleri
1323 1818 1438 1897 voluit,
1460 1838 1533 1902 pro-

424 1920 495 1986 bari
517 1942 582 1986 non
604 1923 705 2006 possit
720 1926 755 2002 ¹).
802 1922 915 2006 Specie
938 1923 1108 2001 diversum,
1129 1943 1242 2007 reapse
1265 1922 1367 1987 simile
1390 1928 1439 1985 est
1461 1918 1532 1984 sub-

425 2024 600 2088 stantivum
630 2020 738 2111 κλοπή
767 2025 801 2089 in
832 2025 881 2108 Aj.
907 2029 969 2097 246
1000 2046 1033 2090 se
1062 2025 1257 2092 subducendi
1284 2026 1304 2089 i.
1329 2046 1355 2088 e.
1378 2022 1531 2107 fugiendi,

424 2125 519 2210 fugae
541 2147 635 2192 sensu
658 2133 860 2211 usurpatum.
915 2127 1038 2192 Eadem
1061 2149 1125 2212 qua
1148 2131 1243 2212 po'e'ta
1265 2127 1405 2192 Graecus
1432 2132 1532 2189 meta·

425 2229 528 2313 phora
549 2250 606 2295 nos
629 2230 754 2315 vulgari
777 2251 924 2296 sermone
956 2231 1078 2296 utimur
1106 2231 1173 2296 sich
1203 2230 1395 2314 wegstehlen
1426 2229 1532 2292 dicen-

426 2338 491 2411 tes;
521 2351 559 2396 ao
581 2334 687 2397 nescio
710 2353 751 2397 an
774 2333 870 2397 aliter
893 2335 958 2398 sint
980 2340 1175 2418 comparata,
1198 2355 1280 2418 qnae
1303 2333 1469 2416 aptissima
1491 2330 1533 2395 ad

427 2434 615 2499 mercatoris
636 2433 788 2517 loquendi
810 2437 968 2500 rationem
985 2439 1015 2517 2)
1038 2437 1071 2500 in
1094 2437 1176 2502 Phil.
1201 2443 1260 2501 577
1284 2436 1434 2519 legimus:

454 2533 458 2538 ’
557 2529 673 2601 anto
695 2534 832 2602 σεαυτὸν
854 2534 1021 2621 ξυλλαβών
1042 2536 1077 2603 ἐκ
1099 2538 1199 2624 τῆσδε
1220 2542 1286 2626 γῆς.

941 2782 968 2864 §-
992 2787 1021 2845 4.

512 2912 662 2996 Sequitur
682 2921 719 2979 ut
741 2915 780 2979 de
803 2915 900 2980 medii
923 2920 1048 3000 generis
1069 2939 1128 2982 usu
1150 2940 1232 3001 quae
1248 2920 1383 2985 dicenda
1399 2921 1534 2986 habeam

426 3014 598 3100 proferam.
645 3014 832 3100 Sophoclem
857 3024 893 3083 ut
914 3021 1054 3084 activum
1077 3043 1135 3104 pro
1157 3022 1272 3103 medio,
1294 3023 1339 3087 sic
1361 3023 1429 3087 vice
1443 3044 1535 3089 versa

428 3117 568 3184 medium
591 3117 677 3183 haud
698 3139 772 3184 raro
794 3142 852 3203 pro
875 3122 980 3187 activo
1001 3124 1153 3205 posuisse,
1176 3126 1253 3207 quin
1275 3126 1372 3190 immo
1394 3127 1534 3211 plurium

428 3219 595 3286 verborum
627 3223 732 3287 media
761 3223 864 3288 forma
894 3225 997 3289 solum
1021 3247 1113 3290 usum
1136 3247 1204 3291 esse
1226 3235 1359 3293 constat.
1407 3231 1454 3294 De
1475 3230 1535 3294 hoo

428 3327 542 3406 potitae
564 3345 651 3390 more
673 3346 774 3409 aeque
797 3347 835 3390 ac
857 3326 896 3390 de
920 3327 1036 3410 quibus
1054 3329 1121 3410 jam
1142 3330 1278 3394 vidimus
1295 3332 1463 3397 dicendum
1478 3338 1535 3412 est,

429 3425 666 3510 Sophoclem—
677 3449 759 3510 quae
769 3429 886 3493 eximia
900 3429 970 3511 ejus
980 3431 1082 3494 virtus
1098 3438 1195 3494 est-
1213 3455 1285 3497 cum
1300 3435 1405 3498 medio
1420 3456 1536 3517 genere

429 3527 528 3594 libere
551 3549 588 3593 ac
610 3536 739 3612 practer
763 3531 926 3614 vulgarem
949 3554 1042 3597 usum
1065 3539 1223 3614 uteretur,
1245 3536 1279 3600 id
1300 3537 1476 3616 studuisse,
1500 3544 1537 3602 ut

430 3630 535 3696 colore
558 3632 665 3715 aliquo
687 3635 867 3699 orationem
883 3643 1022 3714 ornaret,
1046 3637 1101 3700 sed
1123 3637 1214 3702 nobis
1236 3644 1272 3701 ut
1293 3640 1535 3724 interpretando

431 3740 534 3799 artem
556 3741 589 3799 et
609 3721 777 3800 consilium
807 3741 922 3820 poetae
952 3758 1177 3819 assequamur,
1212 3760 1306 3823 saepe
1329 3765 1392 3806 non
1416 3745 1538 3808 contin-

431 3857 515 3920 gere,
537 3857 609 3901 cum
631 3840 803 3922 praecipue
825 3845 983 3922 quantum
1007 3840 1067 3904 soli
1089 3843 1322 3920 consuetudini,
1345 3866 1409 3927 qua
1431 3845 1469 3910 fit
1490 3847 1538 3909 in·

431 3940 574 4020 terdum,
609 3946 645 4003 ut
668 3946 755 4004 certo
777 3961 892 4025 genere
915 3948 1105 4025 usurpatum
1129 3950 1250 4008 certam
1272 3945 1537 4029 significationem

432 4041 569 4126 accipiat
590 4041 787 4122 vocabulum,
811 4043 1017 4109 tribuendum
1040 4047 1090 4124 sit,
1114 4046 1166 4109 vix
1188 4047 1410 4130 dignoscatur3
1440 4051 1537 4132 idque

504 4296 524 4364 ¹)
560 4295 595 4350 cf.
613 4296 698 4352 Thuc.
716 4298 775 4368 1‚a,
797 4302 808 4351 1
830 4302 859 4353 et
875 4299 1012 4370 Kruegeri
1029 4302 1244 4357 adnotationem.
1280 4303 1537 4371 Soph.Phil.106.

503 4383 525 4450 ²)
561 4385 691 4438 Animum
708 4388 821 4442 attende
839 4387 874 4442 ad
892 4393 990 4457 poetae
1008 4392 1154 4445 consilium
1172 4392 1292 4461 eligendi
1309 4393 1406 4459 verba,
1431 4391 1530 4459 quibus

433 4471 593 4526 mercatoris
612 4490 701 4527 mores
720 4475 909 4546 designentur.
946 4477 980 4531 cf.
998 4496 1025 4532 v.
1045 4478 1105 4547 oto,
1125 4479 1201 4532 alios·
