3600 5334
812 651 853 712 33

277 835 417 920 quodam
439 836 533 900 modo
555 834 652 900 semel
675 835 794 900 dictum
825 839 874 898 est
902 853 923 897 a
943 832 1100 916 Sophocle
1122 834 1157 900 in
1179 833 1216 897 0.
1238 832 1273 898 C.
1297 837 1381 898 240:

278 938 513 1004 substantivum
537 932 620 1002 αόόά
642 936 825 1020 significans
849 935 987 1015 „fama“‚
1010 936 1072 1014 bis,
1097 935 1182 1018 quod
1205 937 1319 1012 sciam,
1341 935 1382 1000 al)

279 1040 432 1124 Euripide
450 1045 488 1120 Ι),
523 1040 578 1104 sed
609 1047 645 1104 ut
673 1059 733 1104 vox
765 1038 896 1122 propius
933 1037 1017 1102 absit
1044 1058 1063 1101 a
1092 1039 1197 1121 prima
1224 1035 1382 1121 significa·

279 1144 375 1206 tione.
404 1187 439 1195 -
477 1142 596 1205 Facere
618 1161 681 1205 nou
705 1161 851 1225 possum,
882 1141 959 1222 quin
982 1139 1149 1219 hocloco,
1186 1159 1382 1223 quamquam

278 1265 406 1323 vereor,
444 1230 484 1307 nc
513 1243 610 1307 alicui
639 1244 719 1326 'quid
748 1241 958 1324 disputationi
986 1240 1107 1306 inferre
1135 1240 1260 1320 videar,
1298 1241 1385 1305 vocis

279 1343 416 1433 φθέγμα
430 1345 566 1410 notabili
577 1365 669 1408 seusu
685 1346 790 1409 dictae
804 1344 1000 1408 mentionem
1016 1343 1165 1423 habeam3
1181 1345 1287 1407 animo
1298 1343 1384 1407 enim

278 1448 466 1513 obversatur
498 1447 587 1512 locus
610 1448 801 1530 Antigonae,
839 1446 895 1529 qui
928 1446 961 1509 in
994 1448 1137 1510 carmine
1166 1445 1222 1512 illo
1256 1446 1383 1528 legitur,

279 1571 342 1634 quo
364 1550 491 1633 egregio
512 1549 606 1614 homo
630 1555 666 1614 ut
688 1569 847 1614 summum
874 1554 1011 1614 naturae
1032 1548 1222 1612 miraculum
1244 1547 1385 1614 celebra·

280 1658 350 1732 tur,
372 1673 401 1716 v.
425 1654 504 1717 354:

409 1749 465 1817 καὶ
486 1750 623 1840 φθέγμα
644 1749 700 1820 καὶ
721 1747 857 1836 ἀνεμόεν
872 1755 900 1836 ²)
924 1748 1075 1840 φρόνημα
1099 1747 1156 1815 καὶ
1183 1743 1385 1835 ἀστυνόμους

409 1847 508 1940 orric
528 1850 710 1936 όδιόάξατυ.

365 1957 493 2040 Insigne
515 1958 613 2023 habes
635 1959 815 2041 exemplum
838 1960 918 2023 artis
940 1958 1149 2042 Sophoclem,
1180 1977 1245 2039 qua
1266 1956 1384 2040 signifi·

280 2061 421 2142 cationes
443 2061 610 2125 verborum
640 2061 820 2145 paullulum
849 2059 1003 2140 deflectit,
1036 2080 1108 2124 cum
1131 2063 1302 2142 appareat,
1332 2080 1386 2123 vo·

281 2181 348 2226 cem
371 2159 524 2248 φθέγμα,
553 2183 636 2246 quae
657 2162 752 2246 vulgo
774 2182 869 2226 sonos
892 2161 1022 2228 effectos
1044 2160 1218 2245 significat,
1247 2159 1321 2224 inde
1343 2161 1385 2225 ad

280 2262 467 2329 facultatem
497 2286 593 2329 sonos
617 2264 759 2347 jucunde
788 2263 953 2346 efficiendi,
968 2267 1033 2329 sive
1055 2265 1226 2348 eloquendi
1248 2263 1386 2328 transla-

280 2373 348 2430 tam
370 2388 452 2446 esse,
486 2373 583 2451 atque
612 2369 689 2431 item
711 2361 861 2454 φρόνημα
887 2389 908 2431 a
929 2369 1070 2449 cogitato
1092 2368 1134 2431 ad
1156 2367 1316 2450 cogitandi
1339 2365 1387 2430 fa·

280 2469 448 2549 cultatem,
470 2470 520 2534 vel
543 2470 583 2534 ad
607 2475 709 2534 artem
730 2471 925 2552 cogitatione
947 2489 1030 2534 nova
1051 2468 1208 2552 fingendi:
1245 2467 1280 2532 id
1301 2469 1386 2532 enim

281 2571 376 2636 homo
397 2572 457 2636 sibi
479 2574 546 2655 ipse
568 2591 700 2656 parasse
721 2578 828 2657 potest
843 2572 922 2653 dici3
945 2564 1148 2653 ἀστυνόμους
1169 2564 1275 2657 ἀργὰς,
1299 2570 1385 2654 quod

282 2672 456 2756 Seyffertus
478 2695 560 2738 novo
582 2675 692 2754 modo,
725 2697 788 2738 non
818 2681 926 2738 tamen
956 2681 1042 2738 recte
1077 2671 1222 2753 „urbium
1246 2673 1386 2737 incolen-

281 2774 393 2839 darum
416 2776 553 2853 studia“‚
591 2781 676 2840 recte
700 2775 884 2840 Dindorfius
918 2776 1022 2856 „vitae
1051 2775 1177 2839 socialis
1204 2776 1385 2857 instituta“‚

280 2879 399 2960 optimc
414 2877 576 2942 Bdclrhius
594 2877 856 2958 „staatleukeude
873 2878 972 2943 Sinn“
989 2879 1143 2962 explicat,
1167 2878 1206 2941 de
1227 2899 1267 2942 ea
1289 2899 1387 2943 cansa

279 2983 377 3064 poeta
408 2982 493 3045 inter
526 2981 664 3046 hominis
696 2980 869 3045 facultates
897 2981 1040 3059 rettulit,
1078 2981 1163 3062 quod
1192 2980 1386 3044 Graecorum

280 3083 380 3147 animi
417 3091 541 3148 mature
578 3083 619 3147 ad
656 3083 851 3166 reipublicae
887 3083 1038 3147 instituta
1074 3082 1193 3165 adjecti
1230 3089 1324 3146 erant
1345 3086 1385 3164 ³).

278 3183 352 3248 Jam
386 3191 423 3249 ut
456 3187 497 3250 ad
530 3185 762 3250 consideranda
795 3184 860 3248 alia
892 3185 1034 3268 corporis
1065 3184 1199 3249 humaui
1231 3184 1385 3264 membra,

280 3285 457 3368 quibusque
478 3288 686 3352 facultatibus
708 3289 772 3351 sint
793 3288 955 3371 praedita,
979 3307 1165 3370 pergemus,
1196 3285 1385 3352 vocabulum

279 3377 383 3468 όμμα,
407 3393 445 3451 ut
465 3410 528 3472 quo
549 3391 762 3455 instrumento
784 3391 868 3454 actio
890 3388 1020 3454 uidendi
1048 3387 1121 3468 fiat,
1158 3388 1286 3452 notione
1310 3387 1385 3469 „ad-

279 3494 407 3573 spectus
429 3495 462 3554 et
483 3492 675 3573 spectaculi“
700 3493 806 3556 ornari
826 3492 895 3575 jam
911 3511 1010 3576 supra
1032 3490 1136 3555 obiter
1158 3511 1386 3555 commemora-

280 3598 349 3657 tum
372 3597 429 3671 est,
453 3614 538 3657 nuno
560 3594 714 3678 exemplis
736 3599 864 3659 tantum
886 3598 988 3658 restat
1009 3599 1046 3657 ut
1067 3592 1301 3676 comprobetur.
1347 3594 1385 3658 In

334 3831 353 3899 ¹)
373 3830 532 3884 Afferuutur
546 3830 601 3883 duo
620 3831 662 3883 illi
681 3831 733 3884 loci
752 3831 780 3883 iu
798 3830 903 3884 lexicis.
937 3829 1144 3897 Quodammodo
1163 3832 1319 3900 comparari
1336 3848 1384 3900 po

276 3921 332 3970 test
350 3923 476 3971 nostrum
494 3917 639 3986 .‚gerade“.
1376 3907 1381 3915 ’

330 4005 353 4072 ²)
376 4005 417 4058 Dc
434 4006 568 4073 aejectivo
586 4001 704 4074 ἀνεμόεν
723 4008 754 4056 ut
771 4004 866 4072 paucis
885 4005 990 4073 dicam,
1019 4005 1085 4073 quid
1103 4005 1234 4072 sentiam,
1261 4006 1291 4059 id
1314 4007 1383 4060 mihi

277 4093 313 4160 ad
332 4110 419 4162 genus
438 4110 547 4161 corum,
577 4110 648 4161 quae
667 4092 791 4160 epitheta
809 4093 937 4144 ornantia
955 4093 1147 4160 nominantur,
1169 4092 1280 4146 ridetur
1298 4095 1382 4162 perti-

276 4198 350 4248 nere,
368 4185 400 4235 ut
419 4180 489 4234 nihil
507 4179 689 4250 significetur,
719 4197 801 4248 quam
821 4179 893 4248 quod
918 4179 947 4231 iu
968 4183 1069 4230 natura
1094 4180 1262 4232 substantivi
1280 4179 1317 4232 sit
1334 4198 1383 4249 po·

275 4269 372 4336 situm,
399 4272 431 4321 ut
449 4271 506 4338 πῦρ
524 4264 631 4338 θερμὸν
650 4271 678 4320 et
697 4267 806 4322 similia.
838 4301 858 4309 -
890 4266 1049 4334 Comparari
1073 4264 1191 4319 fortasse
1208 4271 1302 4334 potest
1319 4263 1382 4320 ἀνε-

205 4395 207 4402 .
274 4351 343 4426 μόεν
361 4350 492 4426 φρόνημα
510 4372 573 4408 cum
591 4356 734 4408 notissimo
752 4354 801 4408 illo
819 4354 965 4408 Homerico
983 4353 1052 4406 rura
1071 4349 1227 4424 πτερόεντα.

327 4443 349 4512 3)
378 4443 413 4498 cf.
431 4443 582 4512 Egregium
600 4444 671 4497 illud
688 4443 857 4496 Aristotelis:
876 4441 953 4510 polit.
973 4441 994 4510 1,
1013 4443 1029 4492 2
1047 4457 1075 4508 p.
1093 4445 1118 4508 3,
1141 4443 1172 4493 16
1191 4441 1313 4511 (Bokap
1332 4437 1381 4493 ἄν·

274 4536 388 4600 θρωπος
406 4525 488 4600 φύσει
506 4527 649 4582 πολιτικὸν
667 4531 743 4599 ξῷον.

1135 4634 1152 4686 3
