3600 5334
838 583 878 645 23

303 774 395 858 quasi
424 773 509 836 inter
535 792 588 836 eos
612 774 718 835 ortum
748 774 797 834 est
824 768 857 832 in
886 769 1103 852 proponendis
1132 770 1341 854 conjecturis,
1372 777 1409 835 ut

303 877 369 940 fere
398 895 462 939 non
491 875 548 952 sit,
580 872 634 956 qui
657 893 734 936 num
756 872 900 937 codicum
922 873 1017 937 lectio
1040 871 1167 938 defendi
1190 873 1291 956 possit
1312 893 1409 955 quae-

304 986 365 1044 rat.
395 975 653 1041 Schneidewiuus
664 974 758 1039 scribi
769 974 854 1039 vult:
878 971 1049 1063 ἐπᾴσεσαι,
1067 974 1408 1057 Rauchcnsteinius¹):

305 1076 495 1167 ἐπαρκέσει,
527 1076 704 1142 Meinekius
723 1078 748 1160 ¹)
779 1071 965 1157 ἐπεύξεται,
1000 1077 1191 1160 Seyffertus:
1222 1070 1408 1158 όιόάξειαιι

304 1204 386 1267 quae
409 1180 487 1245 mihi
509 1181 631 1264 optima
654 1179 780 1244 videtur
809 1180 1068 1263 conjecturarum
1097 1201 1174 1245 esse.
1199 1219 1238 1229 -
1276 1178 1339 1245 Sed
1361 1179 1409 1243 in-

302 1285 382 1350 utile
403 1284 543 1368 primum
566 1288 629 1361 est,
662 1281 760 1345 alium
784 1281 872 1346 aliud
895 1284 1076 1366 excogitare
1100 1283 1306 1362 vocabulum,
1336 1303 1409 1346 cum

302 1387 388 1474 quod
412 1387 453 1450 ad
475 1406 586 1450 verum
613 1385 757 1469 proxime
780 1383 929 1465 accedat,
960 1387 1107 1469 cognosci
1128 1387 1181 1450 vix
1203 1385 1318 1469 possit;
1355 1385 1408 1449 de

302 1491 376 1555 inde
399 1511 438 1553 ex
460 1509 532 1552 mea
553 1487 683 1571 quidem
706 1487 867 1551 sententia
887 1488 1019 1553 verbum
1042 1483 1199 1569 ἐπάξεται
1218 1487 1409 1570 aSophocle

303 1593 457 1675 scriptum
480 1595 544 1667 est,
578 1611 680 1674 neque
703 1589 862 1655 dubitavit
882 1589 922 1655 de
944 1590 1078 1655 lectione
1101 1596 1187 1656 recte
1209 1589 1332 1654 tradita
1353 1588 1409 1671 qui

302 1695 394 1758 illum
416 1692 595 1776 Antigonae
617 1712 742 1756 versum
765 1697 896 1775 propter
918 1691 1054 1757 formam
1081 1691 1193 1780 φεῦξις
1221 1711 1409 1758 commemo·

302 1798 388 1862 ravit
410 1794 588 1860 Lobeclrius
605 1796 645 1876 ²).
669 1831 709 1840 -

387 1894 654 1980 Quandoquidem
675 1897 709 1961 in
732 1919 792 1961 usu
814 1904 879 1962 est:
912 1894 1083 1983 ἐπέρχεται
1106 1893 1203 1975 νόσος
1217 1899 1261 1978 3),
1287 1896 1407 1982 ἵμερος,

302 1997 397 2089 ἔρως,
429 1999 597 2065 transitive
626 2000 693 2064 sine
721 1999 818 2065 dubio
847 1994 982 2084 ἐπάγειν
1003 1997 1100 2067 νόσον
1122 2007 1180 2067 etc.
1210 2001 1273 2066 dici
1294 2000 1409 2084 potest,

302 2126 340 2170 ac
362 2103 444 2169 dixit
466 2102 578 2166 Aesch.
602 2103 636 2166 in
659 2102 745 2186 Sept.
773 2107 850 2168 157:

428 2208 491 2270 ποῖ
514 2201 549 2270 de*
571 2202 666 2281 τέλος
687 2200 818 2291 προβὰς
840 2199 956 2287 ἐπάξει
977 2200 1075 2284 daig,-
1091 2207 1123 2286 ⁴)

302 2309 450 2376 similiter
472 2313 691 2392 comparatum
715 2314 781 2387 est,
819 2308 905 2392 quod
927 2330 966 2372 ex
991 2305 1144 2371 Brunckii
1166 2305 1352 2390 conjectura
1374 2306 1408 2369 in

301 2411 415 2477 Trach.
435 2415 515 2475 1003
537 2410 671 2494 legitur:
695 2407 881 2496 ἐπιτρέψει,
905 2413 925 2475 i.
943 2433 969 2476 e.
994 2408 1272 2494 adducet(1nihi);
1295 2406 1409 2491 quodsi

303 2510 437 2597 ἐπάγειν
460 2513 505 2577 sic
528 2519 712 2597 usurpatur,
735 2511 884 2580 reflexive
908 2515 1035 2579 dictum.
1053 2508 1120 2576 ἐπά
1139 2531 1226 2576 eros:
1252 2510 1411 2592 „adducet

304 2616 382 2680 sibi“
407 2615 457 2679 vel
482 2615 561 2696 „sibi
583 2616 729 2698 parabit“
754 2637 851 2699 quam
874 2615 1080 2682 offensionem
1096 2614 1212 2678 afferat
1222 2634 1286 2678 non
1302 2612 1409 2694 vidco;

302 2719 366 2783 nisi
393 2716 476 2784 forte
507 2711 664 2798 ἐπάξεται
694 2739 766 2782 cnm
793 2717 991 2782 substantivo
1013 2718 1124 2804 φεῦξιν
1147 2715 1352 2798 conjunctum
1375 2716 1408 2779 in

302 2841 400 2885 causa
420 2817 498 2900 fuit,
537 2841 594 2884 cur
622 2822 768 2896 homines
797 2819 882 2886 docti
914 2820 1009 2886 verbo
1038 2820 1094 2886 illo
1117 2819 1230 2884 vitium
1252 2818 1409 2882 contineri

302 2925 533 2988 existimarent.
593 2923 655 2989 Sed
678 2945 718 2988 ne
741 2924 801 2989 hoc
824 2923 954 3008 quidem
975 2923 1064 3007 justo
1086 2922 1240 2988 audacius
1263 2920 1342 2986 mihi
1363 2921 1409 2985 vi·

303 3028 397 3092 detur
417 3027 538 3092 dictum
561 3047 645 3106 esse,
683 3027 759 3110 quia
781 3027 912 3093 verbum
937 3022 1087 3110 ἐπάγειν,
1125 3046 1198 3090 cum
1227 3023 1409 3106 generalem

302 3129 449 3214 parandi,
472 3128 628 3195 efficiendi
650 3131 813 3195 notionem
835 3130 982 3214 accipiat,
1004 3135 1041 3194 ut
1063 3129 1150 3213 apud
1171 3127 1269 3192 Thuc.
1282 3126 1342 3206 111,
1359 3131 1407 3205 10,

305 3234 341 3295 2:
364 3228 522 3297 δούλωσιν
545 3229 775 3316 ἐπαγομένους,
803 3254 876 3298 cum
899 3233 1106 3310 substantivo,
1130 3231 1221 3313 cujus
1242 3229 1290 3293 vis
1311 3249 1407 3312 nega-

304 3334 370 3397 tiva
392 3339 455 3412 est,
478 3334 589 3398 eodem
609 3335 683 3417 jure
706 3336 921 3419 conjungitur,
944 3358 1008 3420 quo
1030 3333 1161 3398 παῦλαν
1182 3328 1280 3398 νόσον
1302 3334 1407 3413 σιγεῖν

303 3435 385 3501 dixit
406 3438 503 3519 po‘e'ta
524 3436 559 3499 in
581 3435 663 3500 Phil.
689 3441 780 3501 1329.
802 3477 845 3486 —
880 3439 1046 3503 Sententia
1068 3438 1166 3519 igitur
1187 3435 1316 3501 illorum
1339 3455 1408 3498 ver-

304 3538 416 3604 borum
438 3536 518 3602 haec
540 3543 603 3602 cst:
643 3541 754 3603 mortis
776 3539 885 3622 fugam
908 3541 968 3605 sibi
990 3560 1053 3604 non
1075 3538 1219 3623 parabit,
1257 3538 1339 3602 sive:
1370 3541 1407 3600 ut

302 3647 438 3706 mortem
461 3640 579 3726 fugiat,
601 3640 694 3706 nulla
716 3648 785 3706 arte
809 3641 932 3706 efficiet.

376 3902 397 3970 ¹)
432 3902 464 3956 In
481 3901 576 3956 Jahnii
594 3901 697 3958 annall.
714 3900 782 3970 phil.
801 3901 855 3957 vol.
876 3901 909 3956 75
928 3920 955 3972 p.
966 3904 1070 3958 295.-
1087 3903 1217 3974 Beitrige
1235 3908 1287 3959 etc.
1306 3908 1406 3974 p.8sq.

303 3989 377 4044 Ante
394 3989 477 4043 Mein.
495 3989 569 4043 idem
588 3990 694 4044 invenit
710 3990 809 4054 Heind-
828 3991 864 4046 ad
880 3991 921 4046 Pl.
940 3991 1022 4062 Soph.
1041 4009 1068 4061 p.
1081 3994 1142 4044 341.

373 4076 396 4145 2)
431 4076 467 4130 ad
482 4077 668 4146 Phrynichum
686 4096 713 4148 p.
727 4078 788 4132 726.

373 4164 396 4234 3)
432 4163 468 4219 cf.
488 4164 586 4219 Trach.
606 4167 687 4218 1009:
707 4163 785 4236 ἕρπει
800 4163 890 4225 νόσος.

373 4252 396 4320 4)
432 4251 467 4306 cf.
485 4253 521 4306 de
538 4252 591 4306 hac
608 4269 638 4306 re
655 4254 762 4308 Bonita.
781 4255 810 4308 in
827 4255 938 4323 libello,
967 4272 1021 4323 qno
1039 4255 1075 4310 de
1090 4253 1230 4310 nonnullis
1248 4250 1408 4325 Antigonae

305 4340 372 4397 locis
391 4340 521 4396 dissentit
538 4341 677 4412 (Beitrtge
695 4359 744 4396 zur
761 4342 920 4414 Erkltrung
938 4342 987 4398 des
1004 4342 1086 4413 Soph.
1105 4341 1172 4398 Heft
1189 4342 1216 4410 l)
1234 4360 1262 4411 p.
1273 4343 1316 4396 47.
