3600 5334
925 621 966 684 28

394 807 448 874 alii
471 799 564 892 ὅμμα
588 805 844 898 ,spectaculnm“
868 805 1049 891 significare
1072 812 1272 872 censuerunt.
1328 807 1424 872 Posse
1445 826 1499 870 ro·

396 911 545 976 eubulum
566 902 657 994 lippa
679 932 716 975 ec
738 928 833 974 sensu
856 909 978 974 dictum
999 931 1082 990 esse,
1109 915 1177 974 tam
1199 914 1322 974 certum
1342 908 1444 973 habeo
1463 912 1498 989 ¹),

395 1019 431 1078 ut
453 1013 533 1077 nihil
555 1013 725 1097 quominus
747 1011 792 1076 sic
814 1011 1009 1095 explicemus
1031 1013 1200 1096 impediat,
1230 1013 1291 1077 nisi
1319 1011 1404 1095 quod
1425 1033 1498 1095 prc-

396 1138 513 1181 nomen
536 1111 614 1199 ἐμὸν
636 1115 713 1198 quid
735 1114 793 1179 sihi
817 1114 903 1195 velit,
927 1115 980 1178 vix
1002 1135 1040 1179 ac
1061 1137 1102 1180 ne
1124 1115 1176 1179 vix
1199 1115 1327 1199 quidem
1349 1113 1499 1197 intelligi-

395 1224 457 1284 tur.
514 1219 628 1284 Nescio
656 1239 698 1282 an
728 1217 917 1301 pronomine
946 1218 1121 1301 possessivo
1154 1218 1258 1301 ,quod
1288 1238 1380 1296 curo,
1413 1216 1498 1300 quod

396 1343 468 1388 mea
488 1323 641 1387 interest“
674 1318 810 1384 indicari
839 1321 1008 1403 quisquam
1031 1320 1091 1385 sihi
1113 1320 1321 1404 persuadeat3
1358 1323 1444 1383 certe
1465 1318 1499 1384 id

396 1445 531 1510 quoque,
554 1423 639 1507 quod
655 1422 800 1502 sentiam,
817 1423 975 1506 tragicum
991 1444 1055 1488 non
1071 1423 1145 1487 olet.
1191 1423 1295 1488 Hodie
1310 1421 1376 1486 fere
1391 1442 1500 1486 omnes

395 1529 587 1611 interpretes
608 1525 825 1609 conjecturam
848 1546 867 1589 a
887 1525 1050 1591 Wunderc
1066 1530 1099 1590 et
1115 1525 1280 1590 Dindorfio
1302 1525 1499 1609 propositam

397 1631 497 1696 secuti
521 1624 691 1716 ἒαρήσασα
713 1627 873 1708 scribunt,
910 1628 971 1692 nisi
1002 1627 1088 1711 quod
1109 1626 1287 1692 Meinehius
1303 1630 1334 1710 ²)
1356 1649 1395 1691 ea
1416 1627 1499 1691 refu-

395 1739 465 1798 tata
480 1734 565 1797 viam
588 1731 647 1796 sihi
668 1731 773 1795 munit
794 1731 837 1799 ad
856 1732 954 1796 aliam
969 1730 1192 1815 proferendam
1207 1731 1404 1814 opinionem;
1427 1752 1499 1795 con·

396 1836 501 1902 tendit
522 1835 608 1900 enim
630 1830 741 1918 ἒαρεῖν
764 1842 835 1917 (pro
858 1827 1002 1921 αἰωρεῖν)
1024 1832 1144 1897 nullius
1166 1832 1241 1897 fidei
1267 1831 1403 1897 formam
1432 1853 1499 1898 csse

397 1960 499 2023 neque
522 1932 647 2021 αἰωρέα
668 1937 749 2002 bene
772 1936 812 2001 de
834 1957 901 2014 ave,
924 1937 1058 2019 quaein
1082 1939 1156 2001 aiire
1171 1940 1322 2015 versetur,
1345 1936 1420 2016 dici;
1444 1936 1498 2001 sed

397 2042 436 2108 de
458 2041 562 2106 forma
583 2061 647 2104 non
671 2039 858 2118 dubitasset,
881 2039 910 2102 si
931 2038 1156 2103 vocabulorum
1178 2035 1348 2124 μετέωρος,
1373 2032 1455 2126 ε’ώρη
1470 2041 1500 2116 3)

397 2143 609 2223 meminisset,
643 2162 681 2206 ac
708 2141 747 2207 de
774 2163 869 2207 sensu
891 2162 1017 2225 quoque
1040 2142 1186 2224 argutius
1208 2163 1304 2225 quam
1326 2142 1432 2206 verius
1454 2142 1500 2206 di-

396 2247 555 2332 sputavit,
587 2245 664 2329 quia
693 2245 726 2309 in
754 2244 859 2309 verbis
886 2239 1058 2332 ἕωρήσασα
1076 2236 1168 2327 ὄμμα
1195 2266 1258 2309 non
1285 2245 1373 2310 notio
1396 2245 1501 2329 adspi-

396 2350 500 2415 ciendi
523 2348 646 2432 aliquid
668 2369 764 2431 super
785 2347 877 2412 nubis
899 2348 1012 2428 situm,
1045 2346 1101 2412 scd
1132 2352 1258 2412 tantum
1288 2347 1396 2412 oculos
1424 2348 1501 2413 alle

396 2451 494 2518 randi
515 2452 608 2517 inest.
654 2451 742 2529 Quae
764 2450 909 2532 quamvis
931 2451 979 2514 ita
1001 2470 1034 2515 se
1048 2449 1199 2529 habeant,
1222 2471 1262 2515 ne
1277 2451 1357 2514 mihi
1372 2451 1500 2534 quidem

397 2555 581 2639 conjectura
601 2553 661 2618 illa
681 2553 803 2636 placet,
834 2556 872 2616 ut
899 2574 964 2636 qua
990 2557 1120 2636 recepta
1148 2553 1226 2638 quid
1256 2553 1336 2618 nihil
1366 2555 1408 2619 ad
1433 2574 1501 2618 rem

398 2658 505 2724 valeat
527 2661 665 2736 notetur,
687 2656 855 2720 omittatur
877 2655 1036 2720 sententia
1056 2676 1152 2739 quam
1168 2657 1400 2724 desideramus:
1426 2665 1501 2743 „ad-

398 2766 540 2846 spectum
563 2779 689 2844 pugnae
711 2757 789 2821 mihi
817 2762 971 2842 parans“;
1009 2757 1065 2820 sed
1094 2760 1198 2842 magis
1227 2761 1325 2825 etiam
1354 2764 1502 2848 displicet

398 2864 482 2949 quod
504 2865 572 2948 ipse
594 2860 773 2926 Meinekius
794 2859 997 2925 scribendum
1018 2863 1201 2944 proposuit:
1233 2859 1403 2951 ἐρανήσασα
1425 2865 1503 2935 τοῦ-

397 2963 460 3049 μόν
480 2957 577 3048 οἶμα,·
612 2964 698 3048 quod
726 2965 829 3028 enim:
869 2961 986 3043 ,habes
1008 2962 1173 3029 columbae
1195 2965 1367 3050 imaginem
1389 2971 1501 3055 rapido

398 3068 507 3134 volatu
536 3068 568 3132 in
599 3067 682 3132 altos
710 3066 842 3131 nubium
873 3070 996 3129 tractus
1025 3065 1186 3131 tendentis
1214 3067 1322 3152 ibique
1349 3071 1502 3156 impetum

398 3193 490 3238 suum
517 3171 674 3251 sistentis,
713 3174 749 3233 ut
770 3189 809 3234 ex
831 3168 898 3233 alto
922 3172 1084 3232 certamen
1106 3174 1258 3252 spectet“,
1294 3171 1388 3254 dicit,
1424 3175 1505 3242 haec

399 3274 568 3353 sententia,
592 3294 673 3357 quae
696 3272 880 3356 conjectura
901 3271 1006 3364 versui
1028 3269 1175 3350 infertur,
1198 3292 1302 3356 neque
1323 3280 1504 3343 necessaria

399 3382 466 3456 est,
499 3395 603 3458 neque
623 3381 691 3439 tam
714 3379 805 3458 apta,
838 3380 874 3438 ut
895 3373 1081 3457 conjectura
1102 3374 1345 3442 uerisimilitatis
1368 3382 1504 3464 speeiem

399 3479 545 3563 accipiat.
589 3479 677 3556 Quae
698 3477 748 3541 his
770 3476 966 3542 antecedunt
987 3477 1092 3557 verba,
1115 3477 1161 3541 sic
1182 3481 1396 3546 construenda
1418 3505 1502 3550 esse:

399 3576 555 3669 κύρσαιμι
577 3572 671 3646 τῶνδ’
693 3573 825 3664 ἀγώνων
846 3573 999 3666 αἰθερίας
1020 3577 1157 3668 νεφέλας
1181 3582 1323 3661 „utinam
1345 3587 1506 3671 particeps

400 3685 476 3750 fiam
498 3684 595 3768 hujus
616 3682 801 3748 certaminis
823 3704 862 3748 ex
885 3685 970 3750 nube
992 3684 1100 3749 atiria“
1114 3687 1146 3767 ⁴¹)
1168 3685 1302 3748 sirecte
1324 3707 1443 3766 censeo,
1466 3707 1506 3752 ea

399 3786 580 3853 accuratius
601 3805 621 3848 a
643 3788 741 3870 polita
763 3785 889 3851 definiri
913 3793 1047 3871 oportet,
1071 3788 1166 3871 idque
1188 3786 1258 3852 fieri
1280 3789 1384 3854 verbis
1405 3793 1503 3874 θεαρ.

399 3889 468 3955 κτλ.
483 3887 749 3953 verisimillimum
766 3893 830 3969 est;
850 3889 920 3973 jam
935 3889 1017 3954 nihil
1032 3895 1143 3971 restat,
1166 3889 1228 3954 nisi
1244 3896 1281 3955 ut
1296 3886 1503 3978 θεωρήσασα,

471 4157 492 4228 ¹)
527 4154 562 4211 cf.
580 4155 596 4227 ᾖ
615 4153 640 4209 7.

472 4245 495 4316 ²)
531 4244 614 4299 anall.
632 4261 659 4312 p.
681 4243 739 4296 182.

473 4334 497 4404 3)
534 4332 569 4388 cf.
586 4330 711 4384 Wunder
729 4330 764 4385 ad
783 4330 880 4386 Trach.
900 4329 961 4384 572.

471 4421 494 4491 ⁴)
530 4419 679 4475 Genetirus
697 4421 756 4472 uid.
776 4435 837 4489 νεφ.
856 4418 960 4488 pendet
978 4421 1007 4471 et
1023 4417 1082 4488 ipse
1101 4436 1118 4471 a
1134 4414 1508 4489 verboxipeurp03001aes

318 4585 323 4592 ,
408 4509 567 4566 conditione
584 4506 753 4580 praepositio
770 4523 800 4560 εκ
817 4506 909 4562 omitti
927 4510 1029 4576 potest.
1065 4506 1100 4562 cf.
1118 4505 1244 4576 Krueger
1261 4508 1304 4575 46,
1325 4507 1348 4560 1.
1368 4505 1431 4560 adn.
1448 4507 1472 4559 1.
