3600 5334
852 581 889 642 15

315 763 468 830 lationem
492 764 564 831 viva
586 766 606 830 i.
629 786 655 830 e.
679 785 755 832 vera
777 766 876 852 (quae
898 787 975 832 vere
997 772 1086 849 sunt)
1108 767 1347 853 significare-
1370 770 1424 835 In·

316 868 406 951 signe
435 869 617 954 exemplum
645 868 779 954 praebet
803 888 913 934 versus
940 870 978 935 0.
1002 869 1137 952 (1487,
1173 871 1229 936 ubi
1251 872 1424 957 Elmslejus

317 970 510 1053 adjectivum
527 967 685 1058 σωτήριος
699 971 844 1054 „salvus“
858 971 1006 1054 explicat.
1051 973 1123 1037 Non
1139 974 1339 1058 probandam
1354 996 1423 1041 esse

316 1073 351 1137 L.
376 1073 534 1138 Dindorfii
556 1075 773 1158 conjecturam
792 1077 833 1154 ¹),
857 1093 921 1156 qua
945 1069 1122 1160 σωτηρίους
1143 1076 1206 1160 legi
1228 1065 1341 1155 voluit,
1364 1099 1423 1161 pro

316 1181 403 1240 certo
426 1176 545 1259 habe03
569 1177 625 1242 sed
648 1198 727 1261 quos
750 1197 788 1240 ex
812 1175 967 1258 Aeschylo
990 1182 1133 1260 sumptos
1154 1176 1359 1244 Hermannus
1381 1180 1423 1245 ad

316 1278 587 1362 comprobandam
614 1280 771 1364 passivam
801 1278 884 1342 vocis
908 1277 1171 1362 significationem
1195 1280 1306 1344 attulit
1327 1281 1422 1360 locos,

316 1382 362 1444 eis
390 1379 472 1444 nihil
503 1381 755 1463 demonstratur;
793 1403 932 1465 namque
964 1382 998 1446 in
1026 1382 1128 1447 altero
1157 1403 1266 1463 versu,
1296 1384 1352 1467 qui
1374 1390 1424 1449 est

318 1487 374 1567 Ag.
399 1487 478 1548 646:

448 1580 614 1673 σωτηρίων
636 1583 672 1651 δὲ
693 1583 894 1672 πραγμάτων
916 1579 1087 1674 εὐάγγελον

316 1711 356 1754 ne
378 1695 485 1773 potest
507 1689 644 1773 quidem,
669 1696 827 1774 quantum
849 1691 997 1776 equidem
1020 1689 1121 1769 vidc0,
1144 1690 1333 1756 vocabulum
1356 1713 1422 1756 σω-

316 1787 427 1878 τήριος
448 1790 573 1875 passivo
596 1813 689 1856 sensu
713 1792 882 1876 explicari3
916 1794 950 1857 in
973 1791 1075 1855 altero
1098 1790 1238 1876 Choeph.
1263 1796 1342 1857 236:
1366 1791 1422 1857 s’l-

317 1891 378 1970 πὶς
407 1891 597 1979 σπέρματος
627 1890 786 1982 σωτηρίου
815 1896 960 1961 Orestem
984 1894 1039 1979 (de
1062 1915 1098 1957 eo
1122 1895 1207 1958 enim
1231 1916 1335 1960 sermo
1357 1897 1422 1980 est)

316 1997 439 2060 salvum
462 2017 482 2058 a
503 1998 599 2079 polita
622 1996 684 2060 dici
707 1998 771 2062 sint
793 1999 849 2083 qui
871 1997 932 2063 sibi
954 1997 1185 2081 persuadeant3
1207 1997 1321 2061 melius
1335 2002 1421 2061 certe

317 2097 460 2163 Orestem
483 2097 621 2162 salutem
642 2100 743 2164 sorori
765 2106 863 2184 atque
881 2100 990 2166 domui
1006 2098 1180 2163 allaturum
1195 2099 1420 2181 intelligimus3

316 2202 348 2267 id
378 2201 463 2266 enim
493 2207 678 2285 speraverat
704 2202 847 2268 Electra:
886 2202 954 2267 fore
975 2207 1013 2265 ut
1034 2200 1136 2266 frater
1157 2201 1269 2265 exsilio
1291 2183 1420 2265 domuni

315 2325 461 2374 reversus
492 2324 612 2388 poenas
640 2305 783 2388 epatris
810 2303 1068 2369 interfectoribus
1096 2310 1202 2368 sumat
1223 2309 1256 2367 et
1277 2325 1349 2368 cum
1371 2324 1421 2369 so-

316 2428 387 2472 rore
410 2427 517 2471 amore
540 2406 729 2488 conjunctus
750 2407 950 2493 splendorem
974 2406 1107 2471 aedibus
1123 2405 1309 2470 Atridarum
1328 2407 1421 2470 resti-

315 2516 396 2574 tuat.
419 2548 460 2558 -
498 2508 664 2593 Sophoclis
685 2509 783 2593 igitur
804 2510 952 2595 proprius
973 2508 1028 2574 ille
1049 2501 1136 2572 vocis
1158 2503 1317 2594 σωτήριος
1345 2529 1421 2572 usus

318 2618 375 2676 est.
397 2651 440 2660 -—
476 2612 578 2677 Valde
607 2611 852 2677 elaboraverunt
873 2611 1020 2676 homines
1042 2609 1128 2674 docti
1151 2609 1183 2673 in
1207 2610 1419 2695 explanandis

316 2715 419 2780 verbis
442 2717 528 2794 (Ant.
553 2719 646 2792 974):

445 2808 677 2900 ἀλαστόροισιν
700 2806 856 2897 ὀμμάτων
877 2811 1009 2891 κύκλοις

316 2919 470 2985 Vocabuli
493 2913 684 3004 άλάστορος,
709 2918 793 3002 quod
817 2918 946 2983 aliunde
968 2921 1081 2980 notum
1102 2937 1166 2980 non
1189 2921 1247 2996 est,
1268 2921 1306 2981 ut
1320 2938 1340 2981 a
1354 2917 1419 2980 lor·

315 3043 369 3085 ma
383 3020 581 3086 enucleanda
598 3021 759 3104 incipiam,
782 3020 969 3102 Lobeckii2)
992 3020 1134 3104 opinioni
1149 3018 1338 3103 Sophoclem
1354 3024 1417 3083 ter-

315 3123 524 3188 minationem
555 3122 643 3188 verbi
673 3113 824 3210 άλάστωρ
853 3124 993 3187 variasse
1022 3121 1182 3186 censentis
1204 3142 1268 3184 non
1291 3127 1339 3184 est
1361 3122 1417 3205 qui

316 3248 379 3290 non
403 3225 549 3305 accedat,
579 3224 635 3289 sed
666 3224 704 3288 de
732 3225 964 3309 significatione
987 3225 1080 3307 longe
1103 3222 1297 3287 dissentiunt
1317 3224 1418 3288 edito-

314 3350 373 3393 res.
427 3327 639 3393 Scholiastam
661 3328 710 3391 his
732 3349 825 3392 usum
847 3327 968 3392 verbis:
997 3328 1069 3402 τοῖς
1091 3317 1219 3388 άλαστα
1239 3321 1417 3389 πεπονθό-

314 3451 366 3494 σιν
394 3429 463 3494 κτλ.
493 3429 606 3495 elicere
636 3451 653 3494 e
681 3450 757 3495 voce
787 3429 946 3495 studuisse
976 3429 1062 3513 quod
1090 3428 1192 3492 inesse
1222 3448 1286 3491 non
1316 3428 1417 3511 possit

314 3533 510 3598 contendens
533 3531 707 3616 Seyffertus
728 3533 807 3597 bene
830 3533 976 3616 exponit,
999 3532 1162 3615 propriam
1185 3530 1249 3593 vim
1271 3529 1416 3593 vocabuli

313 3657 397 3701 esse:
421 3629 453 3699 οὶ
475 3630 599 3720 μεγάλα
621 3628 860 3721 ἁμαρτάνοντες
882 3633 1057 3716 (Hesych.)‚
1081 3632 1218 3696 alteram
1232 3625 1264 3694 oi
1279 3635 1416 3695 τοιαῦτα

311 3734 541 3825 τολμήσαντες,
564 3726 609 3803 ὧν
630 3732 688 3803 οάκ
708 3733 797 3804 ἔστιν
813 3732 1103 3801 ἐπιλανθάνεσθαι
1125 3733 1277 3816 (Snidas).
1324 3734 1415 3814 Quod

313 3841 493 3908 Ellendtius
522 3833 715 3928 ὀφθαλμοῖς
743 3833 932 3927 άλαστόρως
960 3838 1168 3926 τοφλωθεῖσι
1197 3858 1326 3901 sensum
1347 3858 1415 3902 esse

312 3944 508 4028 suspicatur,
530 3950 653 4009 rectum
675 3944 810 4009 fortasse
831 3945 943 4022 sentit,
966 3942 1023 4008 sed
1044 3940 1253 4024 explicandae
1275 3939 1353 4019 voci,
1376 3938 1415 4003 de

312 4045 404 4126 cujus
434 4046 598 4126 quaeritur
628 4047 673 4124 vi,
707 4068 771 4110 non
800 4046 947 4129 prodest3
985 4065 1088 4127 neque
1115 4064 1155 4107 ex
1182 4041 1415 4106 Schneidewini

311 4146 416 4212 verbis
438 4147 560 4210 fructus
583 4149 717 4230 capitur.
763 4148 855 4225 Quod
876 4147 956 4212 mihi
985 4147 1018 4210 in
1047 4149 1186 4210 mentem
1215 4143 1319 4208 venit:
1356 4163 1415 4226 pro

312 4303 516 4316 Μ

384 4375 406 4443 1)
440 4373 473 4426 In
491 4369 586 4439 Steph.
603 4368 743 4423 Thesauro
760 4368 940 4437 propositam.

382 4461 404 4530 ²)
437 4460 646 4530 Paralipomena
661 4454 859 4529 grammaticae
877 4454 924 4510 Gr.
942 4454 963 4525 1,
983 4471 1010 4523 p.
1024 4455 1085 4510 274.
