3600 5334
949 624 991 686 48

418 801 534 886 objecti
553 807 580 884 ¹)
613 803 673 868 hoo
704 807 830 888 quoque
859 807 1039 893 exemplum
1073 809 1167 877 facile
1193 811 1393 896 expedietur3
1431 811 1526 895 cujus

418 905 459 969 ad
496 903 737 970 similitudinem
774 907 866 972 reddi
900 916 1035 993 possunt
1069 911 1148 977 haec
1176 934 1260 997 quas
1292 935 1333 978 ex
1365 913 1525 998 Sophocle

418 1013 548 1092 sumpta
567 1015 696 1091 praesto
717 1014 794 1074 sunt
815 1013 979 1096 exempla:
1017 1014 1130 1080 Trach.
1155 1020 1234 1081 323:
1267 1012 1387 1082 διοίσει
1414 1017 1523 1101 γλῶσ-

408 1139 494 1193 σαν,
518 1131 601 1193 quae
623 1113 722 1179 verba
743 1111 954 1196 intelligenda
975 1136 1061 1182 esse:
1087 1117 1204 1197 ,labris
1226 1121 1347 1203 apertis
1367 1139 1477 1185 vocem
1492 1122 1524 1196 2)

417 1223 578 1298 emittet“,
602 1235 797 1304 quamquam
820 1214 987 1302 διαφέρειν
1002 1219 1066 1284 vim
1088 1219 1252 1303 aperiendi
1275 1221 1394 1286 habere
1416 1243 1524 1287 exem-

416 1323 479 1408 plis
500 1323 692 1388 confirmare
714 1337 796 1385 nunc
819 1339 881 1382 non
905 1341 1047 1404 possum,
1072 1320 1165 1386 facile
1181 1322 1260 1387 mihi
1282 1323 1459 1408 persuadeo
1473 1326 1520 1405 3);

419 1425 534 1491 deinde
565 1430 637 1491 Ant.
661 1427 721 1488 675
754 1417 990 1510 καταρρήγνυσι
1017 1420 1156 1507 τροπὰς,
1194 1445 1279 1508 quas
1307 1433 1394 1489 recte
1423 1426 1519 1489 vertit

417 1527 614 1593 Wunderus:
640 1525 768 1607 „fugam
790 1525 969 1608 rumpendo
990 1528 1046 1609 (so.
1062 1526 1205 1607 ordines)
1227 1525 1356 1607 efficit‘,
1378 1526 1518 1592 Biichhio

417 1651 481 1696 non
505 1629 657 1710 hostium,
695 1627 751 1694 sed
773 1627 888 1692 civium
918 1629 1060 1712 ipsorum
1089 1629 1199 1713 fugam
1222 1650 1241 1693 a
1263 1633 1359 1713 poiita
1381 1628 1445 1694 dici
1467 1628 1522 1694 ad·

417 1732 523 1798 dente.

501 1834 619 1920 Magna
641 1838 691 1898 est
712 1831 878 1917 Sophoclis
900 1832 1038 1897 eudocia
1059 1833 1093 1898 in
1116 1834 1191 1897 Ant.
1218 1837 1319 1898 1103:

934 1933 1200 2017 συντέμνουσι
1220 1931 1280 2020 γὰρ

545 2039 635 2102 θεῶν
656 2031 822 2114 ποδώκεις
841 2032 934 2115 τοὺς
954 2033 1207 2125 κακόφρονας
1228 2031 1371 2122 βλάβαι·

416 2141 464 2206 ita
486 2139 633 2219 dicentis,
664 2144 701 2204 ut
722 2159 794 2204 cum
818 2137 1005 2222 συντέμνειν
1026 2134 1105 2206 άδδν
1128 2140 1331 2224 „praecidere
1353 2141 1458 2205 viam“
1482 2142 1526 2206 si·

415 2241 544 2324 gnificat
559 2243 598 2323 4),
620 2247 653 2306 et
675 2242 702 2306 si
717 2241 803 2307 nude
817 2243 956 2326 positum
974 2243 1105 2308 verbum
1121 2243 1311 2320 inveniatur,
1335 2243 1424 2307 notio
1446 2235 1526 2320 ἱδὸς

416 2344 581 2424 audiatur3
607 2344 707 2425 [cujus
728 2343 775 2407 rei
797 2345 979 2428 exemplum
1002 2344 1100 2409 hahes
1121 2345 1206 2428 apud
1225 2345 1342 2409 Herod.
1357 2345 1427 2422 VII,
1446 2349 1523 2411 123:

417 2441 605 2528 συντάμνων
633 2451 687 2525 (sc.
709 2441 768 2530 τὴν
789 2440 882 2528 ὁδὸν)
917 2439 977 2512 ἄνι’
996 2439 1161 2528 Ἀμπέλου
1190 2437 1291 2534 duppe
1317 2444 1379 2511 ἐπὶ
1407 2451 1523 2512 Κανα-

416 2551 550 2635 στραῖον
570 2541 693 2634 ἄκρην),
717 2548 796 2613 haec
818 2551 980 2614 sententia
1001 2547 1202 2632 designetur:
1227 2551 1280 2613 via
1301 2551 1446 2634 praeciso
1468 2572 1523 2616 ne·

415 2651 514 2716 farios
547 2651 778 2735 adsequuntur.
811 2688 851 2700 -
890 2651 994 2717 Simili
1031 2651 1156 2716 ratione
1192 2651 1373 2717 enodantur
1408 2651 1520 2716 veiha:

415 2750 523 2840 ψυχὴν
544 2745 615 2818 τάδ’
637 2748 842 2818 ἐντείνουσαν
864 2753 914 2830 (0.
939 2752 974 2816 O.
1000 2758 1092 2832 499),
1120 2773 1202 2836 quae
1223 2753 1267 2816 ab
1287 2754 1434 2820 omnibus
1454 2753 1519 2817 iere

416 2855 592 2922 editoribus
619 2854 739 2920 nodum
768 2856 802 2920 in
832 2857 936 2940 scirpo
958 2854 1186 2938 quaerentibus
1207 2856 1239 2920 in
1261 2866 1302 2941 ψ.
1324 2877 1353 2920 τ.
1376 2850 1520 2920 ἐκείνου·

416 2980 478 3023 σαν
507 2961 634 3022 mutato
663 2957 807 3024 defendit
839 2957 927 3022 solus
958 2957 1167 3022 Doederlinus
1183 2961 1213 3040 ⁵)
1239 2978 1279 3046 ea
1306 2965 1521 3042 praegnenter

416 3081 477 3145 pro
497 3059 562 3128 his:
595 3054 697 3124 τάσδε
718 3055 812 3136 λιτάς
831 3051 901 3142 μετ’
924 3055 1087 3137 ἐκτάσεως
1105 3063 1221 3145 χειρῶν
1242 3053 1413 3148 εὐχομένην
1435 3061 1520 3126 diota

416 3183 483 3228 esse
506 3167 592 3226 recte
615 3182 756 3226 censens.
802 3161 957 3227 conferas
985 3169 1116 3247 propter
1146 3163 1233 3227 hunc
1263 3184 1356 3227 usum
1386 3163 1521 3228 vocabu·

415 3264 482 3329 lum
504 3257 666 3344 άντιάζειν
687 3264 785 3330 semel
807 3264 848 3329 ab
872 3265 1040 3348 Aeschylo,
1074 3264 1201 3348 saepius
1223 3286 1244 3328 a
1265 3265 1421 3349 Sophocle
1436 3265 1466 3345 ⁶)
1488 3269 1520 3328 et

415 3365 584 3450 Euripide,
614 3366 670 3432 sed
700 3389 765 3434 non
791 3367 855 3432 nisi
877 3388 897 3431 a
918 3367 1021 3452 poetis
1042 3368 1173 3450 tragicis
1189 3370 1218 3450 7)
1241 3388 1336 3433 sensu
1357 3365 1520 3451 precandi,

471 3629 492 3698 ¹)
526 3629 639 3697 Bonitn,
658 3628 689 3682 Β.
707 3628 734 3683 d.
752 3628 779 3682 k.
797 3629 832 3684 A.
849 3646 877 3697 p.
895 3629 957 3682 428.
976 3631 1001 3684 9.
1037 3628 1071 3683 cf.
1091 3629 1115 3698 ξ.
1134 3629 1167 3681 97
1187 3628 1313 3684 odPhil.
1333 3631 1410 3683 1190.

468 3717 492 3786 9)
528 3718 642 3787 γλῶσσα
660 3716 748 3785 „vox“
768 3716 804 3772 cf.
823 3715 848 3786 ξ.
868 3716 892 3769 7.

468 3805 490 3868 3)
526 3803 683 3858 Wunderus
708 3804 858 3858 emendati.
882 3804 912 3855 in
931 3803 1029 3858 Trech.
1047 3821 1074 3872 p.
1093 3806 1134 3857 25.
1154 3805 1187 3855 96
1207 3803 1409 3871 conjecturam,
1435 3820 1518 3872 quam

415 3893 520 3962 primus
538 3889 735 3946 Wakefieldius
754 3890 913 3959 proposuit:
941 3885 1031 3956 διήσει
1052 3891 1155 3945 laudat.
1192 3891 1317 3944 Nauckio
1336 3892 1519 3960 interpolator

416 3998 449 4034 ex
467 3996 523 4032 nno
540 3977 609 4031 duos
627 3995 721 4030 versus
739 3978 850 4032 videtur
867 3976 974 4031 secisse.

467 4065 492 4136 ⁴)
528 4065 630 4120 Similis
658 4069 700 4119 est
727 4082 791 4118 usus
819 4064 969 4126 verborum
995 4066 1148 4117 συστέλλειν
1176 4068 1205 4119 et
1231 4068 1352 4118 συνελεῖν
1380 4067 1519 4134 ‹Passer-l.

414 4155 480 4209 Her.
498 4155 531 4223 V,
550 4156 600 4207 41:
624 4156 673 4205 τοῦ
688 4147 793 4224 χρόνον
811 4147 1027 4222 συντάμνοντος,
1047 4153 1064 4206 i.
1084 4169 1107 4206 e.
1125 4157 1249 4222 tempore
1267 4155 1518 4224 appropinquente5

414 4243 463 4312 IX,
481 4244 533 4296 89:
552 4241 670 4310 simplex
686 4236 801 4312 τάμνειν
818 4239 957 4309 significat
972 4241 1131 4309 „carpere“.

469 4332 492 4395 ⁵)
527 4329 639 4383 Homer.
659 4328 779 4382 Glossar.
797 4327 821 4397 §.
842 4329 886 4396 19,
906 4332 973 4381 nota
992 4330 1033 4382 19.

468 4418 492 4484 ⁶)
528 4417 565 4470 Ut
583 4415 738 4484 exemplam
757 4415 882 4483 afferam,
901 4414 931 4467 in
947 4413 991 4469 El.
1012 4417 1087 4469 1009.

466 4505 490 4570 Ἰ)
526 4503 653 4558 Doederl.
671 4505 749 4558 lectt.
767 4503 878 4558 Homer.
897 4519 970 4570 spec.
989 4503 1038 4559 III.
1057 4503 1121 4556 lect.
1140 4503 1163 4556 7.
