3600 5334
818 592 855 652 31

285 801 353 844 cem
377 771 547 863 ἄγχιστήρ,
587 795 652 858 qua
675 773 767 857 vulgo
792 773 896 839 affinis
918 774 1095 852 indicatur,
1132 775 1165 839 in
1188 772 1302 853 Trach,
1327 777 1388 840 256

285 881 387 946 active
409 879 530 944 dictam
551 898 634 956 esse,
656 883 694 942 ut
715 878 756 958 is,
778 877 948 962 quisacit,
970 883 1007 942 ut
1031 876 1154 960 aliquid
1175 898 1274 961 prope
1296 878 1389 956 adsit,

284 985 305 1046 i.
330 1005 357 1047 c.
381 984 437 1066 qui
458 981 621 1060 admovet,
645 986 757 1045 auctor
780 995 835 1053 (se.
859 980 952 1059 mali)
973 978 1190 1062 intelligatur,
1212 986 1298 1045 recte
1320 1001 1389 1045 sen-

285 1087 327 1149 sit
349 1085 517 1168 Seydlerus
536 1085 572 1169 ¹).
597 1121 637 1132 —
680 1083 718 1148 In
740 1082 776 1146 Ο.
801 1081 835 1148 0.
860 1087 923 1146 914
945 1083 1032 1166 quod
1053 1081 1231 1147 Meinelrius
1247 1084 1275 1164 ²)
1297 1103 1388 1147 voca-

284 1186 395 1251 bulum
417 1181 618 1274 κραίνονσαν,
643 1187 720 1269 quia
736 1184 922 1268 perficiendi
939 1185 1001 1249 vim
1018 1185 1104 1268 apud
1121 1184 1309 1269 Sophoclem
1324 1205 1389 1251 non

285 1288 411 1366 habeat,
433 1289 467 1352 in
490 1283 662 1374 κρίνουσαν
683 1287 874 1352 mutandum
896 1308 964 1351 esse
986 1293 1103 1367 censet,
1131 1309 1196 1352 non
1219 1288 1388 1370 reputavit,

284 1412 355 1454 cum
384 1392 553 1474 quinquies
574 1396 702 1456 tantum
725 1389 806 1455 illud
829 1389 960 1454 verbum
983 1391 1069 1473 apud
1083 1389 1280 1474 Sophoclem
1303 1390 1389 1472 lega-

284 1498 346 1567 tur,
368 1500 405 1558 ut
427 1500 542 1577 quater
563 1492 743 1577 imperandi
766 1513 861 1556 sensu
883 1492 1005 1557 dictum
1026 1493 1068 1556 sit
1091 1513 1167 1556 casu
1188 1490 1257 1555 fieri
1281 1512 1389 1575 posse;

284 1616 422 1679 namque
446 1594 486 1660 ab
509 1595 640 1659 Homeri
662 1594 859 1678 temporibus
886 1595 1052 1658 transitive
1075 1599 1265 1677 usurpatum
1286 1595 1389 1658 notio-

284 1719 358 1761 nem
379 1695 565 1780 perficicndi
587 1696 700 1777 habet,
734 1702 767 1762 et
787 1696 885 1761 simili
907 1696 1031 1761 ratione
1051 1699 1181 1780 κρατεῖν
1202 1717 1276 1760 cnm
1297 1717 1390 1760 accu-

285 1799 386 1863 sativo
409 1799 614 1881 conjunctum
637 1804 687 1862 est
706 1799 740 1863 in
763 1799 798 1863 0.
824 1800 860 1862 R.
888 1803 985 1878 1525,
1021 1798 1076 1863 ubi
1102 1799 1276 1864 scholiasta
1303 1805 1389 1864 recte

284 1901 424 1984 explicat
446 1897 508 1966 ὅσα
531 1897 697 1988 νενίκηκας
718 1902 738 1965 i.
762 1924 789 1966 e.
813 1901 946 1966 victoria
968 1902 1027 1965 tibi
1047 1901 1186 1984 parasti,
1209 1921 1244 1965 es
1265 1921 1390 1965 assecu-

283 2009 344 2067 tus.
390 2002 475 2068 Satis
497 2003 576 2068 mihi
597 2003 728 2068 videbor
750 2003 790 2069 de
812 2004 975 2069 causativo
997 2005 1164 2069 verborum
1187 2025 1246 2068 usu
1263 2004 1390 2082 dixisse,

284 2106 311 2169 si
333 2105 372 2170 de
395 2106 464 2171 loco
487 2107 633 2170 Electrae
656 2108 849 2172 sententiam
871 2107 1051 2189 protulere,
1082 2107 1137 2189 qui
1160 2128 1232 2170 cnm
1254 2107 1389 2172 vocabu-

283 2207 350 2272 lum
382 2215 494 2273 contra
523 2214 723 2273 constantem
754 2208 947 2273 Graecorum
979 2230 1070 2272 usum
1102 2230 1196 2274 sensu
1226 2210 1389 2274 causativo

283 2307 403 2375 dictum
441 2311 624 2390 contineat,
662 2311 855 2395 conjecturis
891 2310 1045 2375 faciendis
1081 2333 1193 2376 ansam
1230 2313 1388 2397 praebuit.

283 2413 390 2478 Verba
412 2433 494 2496 quaa
516 2414 549 2477 in
574 2413 621 2477 El.
646 2435 673 2476 v.
702 2417 761 2477 163
785 2414 953 2496 leguntur:

412 2512 496 2592 Διὸς
517 2507 651 2601 εὔφρονι
671 2510 795 2603 βήματι

283 2618 309 2679 si
332 2617 378 2680 sic
401 2638 420 2680 a
443 2617 598 2701 Sophocle
622 2619 741 2701 scripta
763 2625 853 2698 sunt,
891 2619 992 2682 solam
1023 2621 1055 2683 in
1086 2620 1170 2685 hanc
1198 2621 1389 2684 sententiam

283 2719 384 2802 accipi
412 2726 560 2802 possunt:
602 2720 708 2800 ,laeta
728 2721 815 2785 Jovis
837 2721 1007 2784 missione“
1031 2724 1198 2807 (πομπῇ);
1235 2721 1306 2786 fieri
1333 2743 1389 2805 po·

282 2823 399 2902 tuisse,
428 2827 465 2885 ut
487 2825 583 2905 poeta
604 2843 710 2887 vocem
733 2825 824 2909 βῆμα
845 2821 1012 2887 transitive
1035 2830 1220 2907 usurparet,
1256 2825 1313 2888 alii
1335 2846 1389 2888 ne-

283 2930 361 3007 gant
383 2924 530 3007 interque
553 2946 605 2988 eos
628 2924 773 2989 homines
795 2925 961 2990 moderato
979 2925 1102 3009 judicio
1116 2928 1163 3007 3),
1196 2926 1252 2990 alii
1274 2925 1388 2992 confir-

283 3033 387 3107 mant,
410 3047 447 3091 eo
471 3034 660 3111 argumento
684 3029 745 3092 nisi
768 3029 853 3111 quod
878 3029 965 3094 verbi
987 3024 1091 3113 βαίνω
1111 3050 1264 3113 praesens
1286 3034 1319 3092 et
1340 3026 1389 3091 fn-

355 3323 375 3388 t)
410 3325 485 3376 Haec
509 3340 554 3375 me
577 3327 710 3379 revocant
733 3325 769 3379 ad
796 3325 958 3378 memoriam
983 3325 1111 3380 vocabuli
1138 3322 1287 3394 ἀγχίπτολις
1313 3325 1389 3395 (Ant.

285 3410 355 3478 970),
374 3412 448 3477 quod
465 3415 559 3464 utrum
578 3409 710 3484 ἐγχώριος
728 3414 828 3482 valeat,
846 3429 881 3466 an
899 3430 949 3481 pro
968 3417 1099 3484 corrupto
1110 3412 1267 3467 habendum
1286 3414 1322 3468 sit
1340 3413 1389 3468 du·

284 3498 359 3560 bitc;
380 3515 498 3566 namque
516 3516 586 3568 eum,
606 3502 652 3567 qui
666 3518 752 3569 propa
769 3501 866 3555 urbem
885 3504 1017 3568 versetur,
1036 3501 1133 3554 urbem
1151 3503 1224 3554 tueri
1239 3517 1336 3554 vereor
1353 3519 1388 3554 ne

282 3586 371 3656 magis
390 3586 552 3640 Germanica
570 3604 653 3654 qnam
671 3588 775 3642 Graece
792 3588 946 3657 cogitatum
963 3588 1009 3642 sit.
1028 3620 1061 3630 -
1085 3589 1127 3641 De
1144 3592 1204 3642 toto
1222 3589 1283 3642 loco
1301 3587 1338 3642 cf.
1355 3588 1388 3643 G.

283 3673 408 3727 Curtium
431 3675 489 3744 „De
511 3675 676 3743 quibusdam
700 3677 856 3745 Antigonae
881 3676 968 3728 locis“
993 3676 1022 3728 in
1040 3677 1096 3729 ind.
1114 3677 1191 3730 lectt.
1210 3675 1280 3729 Kiel.
1303 3677 1388 3744 ¹8⁵⁵ls

283 3763 494 3830 affim-

353 3849 376 3917 2)
410 3850 445 3904 ad
463 3867 487 3903 v.
506 3849 567 3904 ³121.

353 3938 377 4004 3)
412 3938 512 3992 Omnes
536 3938 679 4007 opiniones
702 3953 862 3992 enumerare
886 3939 951 4006 quia
974 3938 1073 3992 inutile
1096 3941 1152 4005 est,
1183 3938 1252 3994 duas
1278 3942 1388 3994 tantum

282 4025 455 4092 conjecturas
473 4043 671 4080 commemoro:
699 4027 814 4080 alteram
832 4025 964 4082 Meinekii
981 4021 1082 4096 λήματι
1104 4044 1155 4096 pro
1179 4022 1282 4098 βήματι
1304 4026 1389 4080 scribi

283 4114 412 4180 volentis,
441 4115 557 4168 alteram
575 4114 691 4183 Hauptii
709 4109 798 4171 ποδὸς
817 4143 848 4153 -
867 4109 970 4183 βήματι
992 4114 1171 4182 proponentis
1195 4120 1225 4167 et
1242 4115 1388 4168 consilium

283 4204 382 4268 poetae
404 4200 487 4254 fnisse
508 4205 659 4270 censentis,
691 4205 723 4254 ut
739 4201 815 4254 Jovis
834 4202 937 4254 mentio
954 4202 983 4253 in
1001 4218 1083 4254 versu
1101 4201 1211 4254 demum
1233 4203 1282 4254 175
1301 4200 1388 4255 fieret.

283 4287 391 4342 Novum
410 4292 616 4358 argumentum,
647 4307 700 4357 quo
719 4290 905 4357 corruptelam
924 4291 1012 4343 inesse
1029 4289 1058 4341 in
1077 4305 1158 4344 versu
1175 4288 1387 4355 demonstretur,

283 4376 407 4444 quamvis
426 4377 536 4446 egregie
559 4377 696 4430 invenerit
719 4377 762 4430 vir
785 4378 975 4446 doctissimus,
1001 4393 1057 4431 non
1074 4376 1148 4430 tanti
1164 4375 1291 4446 fecerim,
1321 4381 1388 4429 uta

283 4463 401 4518 lectione
418 4465 522 4519 tradita
538 4464 674 4518 recedam.
694 4495 727 4504 -
