3600 5334
936 572 977 634 22

407 761 552 844 potitam,
579 776 651 822 cum
673 757 707 822 in
729 757 834 822 altere
856 757 1015 822 enuntiati
1036 762 1129 840 parte
1150 758 1277 842 passivo
1299 779 1413 842 genere
1435 771 1512 825 usus

406 860 464 941 sit,
486 861 519 926 iu
542 859 646 925 altera
667 879 823 944 usurpare
846 860 1004 938 medium,
1027 879 1132 943 aquo
1154 857 1196 923 τὰ
1217 858 1277 942 μὲν
1299 867 1336 926 ut
1357 863 1512 927 accusati-

404 984 463 1028 vus
484 962 600 1046 objecti
623 963 769 1052 pendeat.
816 964 885 1043 Qua
907 962 1080 1046 perductus
1099 983 1196 1026 causa
1218 960 1418 1050 σημαίνομαι
1439 985 1511 1048 pas-

405 1066 507 1130 sivum
538 1086 606 1130 esse
634 1065 696 1130 hac
724 1066 791 1130 fere
820 1064 1054 1148 significatione
1077 1065 1213 1129 dictum:
1250 1066 1349 1151 signis
1370 1068 1512 1132 instruor

352 1225 354 1230 ,
407 1175 496 1252 (prc:
520 1168 651 1250 sigum),
675 1162 867 1255 σημαίνεταί
887 1189 945 1249 μοι
972 1188 1160 1249 persuasum
1181 1167 1293 1234 habeo.
1321 1168 1403 1233 cous.
1428 1188 1511 1252 quae

405 1270 439 1336 in
462 1272 522 1356 §2
547 1271 586 1336 de
608 1271 712 1336 verbis
734 1263 966 1355 ἀλαστόροισιν
979 1262 1136 1351 ὀμμάτων
1151 1265 1283 1348 κύκλοις
1305 1271 1452 1337 diximus.
1471 1309 1508 1320 -

405 1372 445 1438 In
467 1373 564 1455 Ajace
588 1378 650 1438 510
673 1373 758 1457 quod
780 1373 941 1456 reperitur
963 1373 1069 1438 media
1091 1372 1194 1443 forma
1215 1380 1422 1458 usurpatum,
1460 1373 1511 1439 δι-

405 1469 549 1555 οίσεται,
582 1476 617 1540 id
639 1481 725 1540 recte
748 1475 788 1540 ab
812 1473 970 1557 Hesychio
993 1478 1026 1537 et
1048 1473 1165 1539 Suida:
1199 1471 1319 1555 διάξει,
1353 1471 1512 1559 βιώσεται

405 1577 599 1661 explicatum
628 1600 692 1643 non
721 1578 867 1643 debuisse
895 1575 935 1640 ab
966 1576 1197 1660 interpretibus
1226 1579 1346 1642 tentari
1373 1579 1512 1643 ostendit

406 1679 595 1764 Seyffertus3
632 1680 745 1746 eadem
775 1679 936 1744 sententia
966 1677 1098 1743 effertur
1127 1678 1231 1742 forma
1258 1679 1402 1763 ejusdem
1424 1680 1512 1745 verbi

405 1782 511 1849 activa
537 1783 623 1868 apud
646 1782 831 1866 Euripidem
853 1783 887 1845 in
911 1781 1006 1846 Rhes.
1034 1785 1112 1847 182:
1149 1773 1254 1859 ὅσαις
1276 1778 1410 1864 διοίσεις
1447 1803 1511 1847 me·

405 1885 478 1950 diae
506 1884 687 1970 exemplum
716 1883 811 1950 affert
839 1883 1017 1949 Lobeckius
1045 1903 1085 1948 ex
1114 1883 1310 1968 Hippocrate
1339 1891 1511 1970 sumptum,

406 1987 561 2071 scriptore
584 1988 702 2072 politici
724 1986 890 2071 cujusdam
914 1986 1030 2051 coloris
1057 1993 1186 2051 amante
1209 1987 1374 2071 multaque
1396 2009 1437 2051 ex
1457 1986 1512 2053 So-

404 2090 527 2176 phoclis
549 2111 636 2154 more
659 2089 784 2155 dicente
798 2092 833 2172 1).
847 2128 888 2137 -
913 2089 1020 2172 Ajacis
1042 2111 1069 2152 v.
1088 2093 1148 2153 647
1171 2086 1351 2176 κρύπτεται
1371 2090 1511 2154 medium

404 2213 463 2278 pro
493 2193 597 2257 activo
625 2187 762 2279 nodaret
791 2192 911 2257 dictum
938 2191 1081 2274 praebet.
1105 2227 1147 2238 —-
1185 2192 1304 2276 Magna
1325 2196 1375 2257 est
1397 2195 1511 2276 poetae

405 2294 541 2360 audacia
563 2296 597 2358 in
618 2294 668 2358 El.
695 2298 774 2358 1249
798 2290 977 2380 λησόμενον
998 2315 1057 2378 pro
1081 2291 1331 2382 λησθησόμενον
1354 2315 1511 2378 usurpau-

405 2399 463 2478 tis3
487 2397 573 2482 quod
591 2397 660 2481 jam
682 2417 703 2462 a
725 2397 900 2462 scholiasta
921 2396 1122 2462 intellectum
1142 2418 1210 2462 esse
1226 2402 1370 2481 apparet,
1394 2399 1512 2480 quippe

405 2500 460 2585 qui
475 2499 554 2564 baec
570 2499 792 2584 adscripserit:
816 2494 924 2586 λήθης
937 2501 1044 2580 τυχεῖν
1057 2494 1103 2586 μὴ
1119 2495 1294 2582 δυνάμενον
1303 2503 1340 2578 2).
1353 2536 1391 2548 -
1415 2499 1512 2565 Verbi

407 2599 601 2685 corripuere,
625 2602 710 2685 quod
735 2601 958 2685 „praecidere“
982 2607 1080 2685 atquc
1105 2601 1219 2666 deinde
1244 2603 1390 2683 „delere“
1414 2602 1512 2684 signi-

404 2703 489 2785 ficat
467 2708 629 2787 tgenerc
652 2703 787 2770 medic
778 2726 811 2768 ιο
834 2704 926 2786 irgm.
950 2708 1022 2785 656,
1048 2708 1085 2767 16
1109 2703 1173 2769 fort
1160 2709 1244 2769 tasse
1267 2705 1329 2784 eis,
1353 2704 1408 2788 qui
1430 2701 1512 2768 fece-

403 2807 486 2883 rint,
514 2805 636 2870 utilitat
588 2812 687 2870 tatem
710 2805 818 2870 afferri
841 2805 965 2870 indicat
951 2811 1013 2869 tur
1059 2806 1119 2871 His
1141 2807 1295 2890 exemplis
1316 2799 1443 2872 adde'
1421 2828 1512 2870 αντα-

405 2905 629 2990 λέξασθαιΑ)
634 2912 784 2972 l.66et
770 2905 897 2990 tfrgm
921 2911 1048 2971 282.
1074 2907 1172 2972 Medii
1195 2909 1319 2989 generis
1341 2930 1418 2973 usus
1439 2929 1512 2973 cum

405 3017 472 3076 tam
495 2930 646 3094 frequeris
669 3009 711 3074 sit
733 3008 818 3094 apud
841 3009 1047 3093 Sophoclem,
1074 3031 1262 3093 persuasum
1284 3010 1403 3091 habeo,
1427 3011 1512 3095 quod

406 3114 440 3179 in
463 3113 576 3178 Trach.
594 3118 652 3177 103
676 3113 803 3195 legatur
825 3109 1032 3233 ποθοομὲνᾳ,
1057 3133 1121 3176 non
1143 3133 1211 3176 esse
1234 3114 1435 3193 mutandum,
1458 3135 1512 3177 ne-

406 3238 467 3300 que
489 3216 572 3279 inv.
598 3219 659 3279 996
690 3215 885 3280 Brunckium
908 3237 966 3298 pro
988 3208 1096 3301 ἦνύσιο
1126 3221 1212 3280 recte
1244 3216 1405 3299 scripsisse
1435 3208 1511 3303 ἤνυ-

408 3339 468 3395 σας
483 3319 528 3399 3;)
556 3318 640 3382 frust
626 3323 678 3381 tra
700 3325 826 3401 quoque
847 3312 1153 3404 μετρούμενον(Α)“.
1178 3319 1257 3434 5)οε
1277 3318 1421 3383 Nauckio
1442 3326 1513 3384 teu-

408 3427 512 3487 tatum
534 3426 583 3485 est
599 3421 701 3501 4.-)
739 3419 853 3483 Restat
839 3425 912 3483 tut
933 3419 973 3484 de
995 3440 1060 3483 uno
1083 3420 1227 3485 locot
1176 3427 1227 3485 sat
1228 3422 1255 3485 is
1277 3420 1398 3486 difficili
1420 3443 1513 3486 accu-

406 3547 445 3591 ra
445 3525 509 3590 tius
531 3523 736 3606 disputemus
782 3522 901 3601 Quae
892 3545 926 3587 in
950 3525 1023 3586 Ant.
1047 3545 1075 3586 v.
1101 3527 1162 3587 362
1185 3523 1296 3607 legunt
1296 3545 1336 3588 ur
1356 3525 1467 3589 verba:

537 3623 634 3690 Ai'dc
654 3620 754 3709 μόνον
775 3625 888 3713 φεῦξιν
910 3618 970 3690 οὐκ
992 3621 1150 3707 ἐπάξεται

408 3752 481 3798 cum
509 3729 603 3795 valde
633 3729 870 3814 displicuissent
892 3729 1057 3815 Sophoclis
1079 3729 1323 3812 interpretibus,
1352 3735 1512 3818 certamen

452 4037 454 4042 ’
480 4023 501 4093 ¹)
537 4020 612 4078 Cous.
631 4037 701 4092 quae
720 4020 755 4074 de
772 4019 816 4074 El.
835 4021 886 4072 227
910 4020 940 4074 in
962 4019 985 4090 ξ.
1006 4020 1040 4072 23
1066 4019 1202 4074 dicentur.
1237 4019 1279 4073 De
1296 4019 1431 4088 Sophocle
1448 4039 1512 4076 cum

409 4112 538 4182 Aetlcpic
555 4110 702 4179 conjuncto
721 4107 756 4163 cf.
774 4108 874 4179 Bergk,
894 4109 953 4163 vita
969 4108 1051 4178 Soph.
1070 4107 1100 4162 in
1118 4108 1163 4164 ed.
1183 4107 1305 4163 Tauchn.
1323 4126 1351 4178 p.
1364 4110 1425 4165 XX.

480 4200 503 4270 2)
539 4198 682 4252 Matthiae.
700 4199 783 4251 496e.

480 4287 502 4354 ³)
538 4285 573 4340 cf.
591 4285 762 4339 Ellendtiurn
781 4287 809 4337 et
825 4283 1007 4338 Dindorfium.

481 4372 504 4442 4)
539 4371 665 4426 Mcinekc
681 4371 711 4424 in
730 4371 812 4424 anall.
831 4371 913 4439 Soph.
932 4388 959 4439 p.
972 4372 1024 4423 225
1047 4370 1129 4425 dicit:
1160 4369 1304 4440 „notiones
1328 4371 1461 4426 metiendi
1484 4373 1514 4424 ct

411 4459 576 4518 aestimandi
593 4463 658 4514 sunt
675 4458 943 4528 conJ‘uuctiseimae“.
