<?xml version="1.0" encoding="UTF-8"?>
<!DOCTYPE html PUBLIC "-//W3C//DTD XHTML 1.0 Transitional//EN"
    "http://www.w3.org/TR/xhtml1/DTD/xhtml1-transitional.dtd">
<html xmlns="http://www.w3.org/1999/xhtml" xml:lang="en" lang="en">
 <head>
  <title>
</title>
<meta http-equiv="Content-Type" content="text/html;charset=utf-8" />
  <meta name='ocr-system' content='tesseract 3.04.00' />
  <meta name='ocr-capabilities' content='ocr_page ocr_carea ocr_par ocr_line ocrx_word'/>
</head>
<body>
  <div class='ocr_page' id='page_1' title='image "./sophoclesquarat00schagoog_0011.png"; bbox 0 0 3600 5334; ppageno 0'>
   <div class='ocr_carea' id='block_1_1' title="bbox 772 573 884 631">
    <p class='ocr_par' dir='ltr' id='par_1_1' title="bbox 772 573 884 631">
     <span class='ocr_line' id='line_1_1' title="bbox 772 573 884 631; baseline 0 0"><span class='ocrx_word' id='word_1_1' title='bbox 772 609 775 622; x_wconf 85' lang='lat'>·</span> <span class='ocrx_word' id='word_1_2' title='bbox 865 573 884 631; x_wconf 88' lang='grc'>7</span> 
     </span>
    </p>
   </div>
   <div class='ocr_carea' id='block_1_2' title="bbox 319 747 1552 1149">
    <p class='ocr_par' dir='ltr' id='par_1_2' title="bbox 319 747 1552 1149">
     <span class='ocr_line' id='line_1_2' title="bbox 323 747 1426 842; baseline -0.002 -22"><span class='ocrx_word' id='word_1_3' title='bbox 323 761 413 835; x_wconf 92' lang='grc'>1081,</span> <span class='ocrx_word' id='word_1_4' title='bbox 445 749 684 834; x_wconf 56' lang='lat' dir='ltr'>nonadecima</span> <span class='ocrx_word' id='word_1_5' title='bbox 709 758 800 834; x_wconf 93' lang='grc'>1092,</span> <span class='ocrx_word' id='word_1_6' title='bbox 830 752 1073 842; x_wconf 78' lang='grc' dir='ltr'><strong><em>ψευδοστομεῖν</em></strong></span> <span class='ocrx_word' id='word_1_7' title='bbox 1098 757 1189 834; x_wconf 87' lang='grc'>1127,</span> <span class='ocrx_word' id='word_1_8' title='bbox 1219 747 1426 832; x_wconf 79' lang='grc' dir='ltr'><strong><em>ἰσοτέλεστος</em></strong></span> 
     </span>
     <span class='ocr_line' id='line_1_3' title="bbox 321 849 1424 944; baseline 0.003 -22"><span class='ocrx_word' id='word_1_9' title='bbox 321 862 413 938; x_wconf 91' lang='grc'>1220,</span> <span class='ocrx_word' id='word_1_10' title='bbox 435 851 662 943; x_wconf 76' lang='grc' dir='ltr'><strong><em>ἅπροσόμιλος</em></strong></span> <span class='ocrx_word' id='word_1_11' title='bbox 680 861 769 938; x_wconf 89' lang='grc'>1236,</span> <span class='ocrx_word' id='word_1_12' title='bbox 792 851 997 944; x_wconf 82' lang='grc' dir='ltr'><strong><em>κομασοαγής</em></strong></span> <span class='ocrx_word' id='word_1_13' title='bbox 1015 860 1106 936; x_wconf 90' lang='grc'>1243,</span> <span class='ocrx_word' id='word_1_14' title='bbox 1125 849 1316 932; x_wconf 77' lang='grc' dir='ltr'><strong><em>οἷκτένιστος</em></strong></span> <span class='ocrx_word' id='word_1_15' title='bbox 1334 861 1424 936; x_wconf 88' lang='grc'>1261,</span> 
     </span>
     <span class='ocr_line' id='line_1_4' title="bbox 320 951 1552 1046; baseline -0.002 -22"><span class='ocrx_word' id='word_1_16' title='bbox 320 955 583 1044; x_wconf 77' lang='grc' dir='ltr'><strong><em>δυσπρόσοιστος</em></strong></span> <span class='ocrx_word' id='word_1_17' title='bbox 608 963 687 1023; x_wconf 90' lang='grc'>1277</span> <span class='ocrx_word' id='word_1_18' title='bbox 709 960 745 1044; x_wconf 90' lang='lat'>¹),</span> <span class='ocrx_word' id='word_1_19' title='bbox 768 954 985 1046; x_wconf 79' lang='grc' dir='ltr'><strong><em>ψευδόφημος</em></strong></span> <span class='ocrx_word' id='word_1_20' title='bbox 1010 962 1100 1038; x_wconf 93' lang='grc'>1517,</span> <span class='ocrx_word' id='word_1_21' title='bbox 1123 951 1224 1046; x_wconf 79' lang='grc' dir='ltr'><strong><em>ἆόῇος</em></strong></span> <span class='ocrx_word' id='word_1_22' title='bbox 1248 962 1338 1036; x_wconf 89' lang='grc'>1533,</span> <span class='ocrx_word' id='word_1_23' title='bbox 1360 961 1424 1040; x_wconf 77' lang='grc' dir='ltr'>βα·</span> <span class='ocrx_word' id='word_1_24' title='bbox 1548 981 1552 990; x_wconf 83' lang='grc'><em>’</em></span> 
     </span>
     <span class='ocr_line' id='line_1_5' title="bbox 319 1053 1426 1149; baseline -0.003 -22"><span class='ocrx_word' id='word_1_25' title='bbox 319 1058 436 1149; x_wconf 82' lang='grc' dir='ltr'><strong><em>ροαχής</em></strong></span> <span class='ocrx_word' id='word_1_26' title='bbox 466 1066 557 1141; x_wconf 88' lang='grc'>1561,</span> <span class='ocrx_word' id='word_1_27' title='bbox 588 1055 762 1139; x_wconf 77' lang='grc' dir='ltr'><strong><em>αἰένσπνος</em></strong></span> <span class='ocrx_word' id='word_1_28' title='bbox 795 1066 886 1141; x_wconf 88' lang='grc'>1578,</span> <span class='ocrx_word' id='word_1_29' title='bbox 917 1055 1080 1142; x_wconf 57' lang='lat' dir='ltr'>&amp;amaldo</span> <span class='ocrx_word' id='word_1_30' title='bbox 1111 1065 1202 1141; x_wconf 87' lang='grc'>1648,</span> <span class='ocrx_word' id='word_1_31' title='bbox 1231 1053 1426 1137; x_wconf 73' lang='grc' dir='ltr'><strong><em>εὕσκίαστος</em></strong></span> 
     </span>
    </p>
   </div>
   <div class='ocr_carea' id='block_1_3' title="bbox 315 1156 1519 3906">
    <p class='ocr_par' dir='ltr' id='par_1_3' title="bbox 315 1156 1519 3393">
     <span class='ocr_line' id='line_1_6' title="bbox 323 1156 1425 1248; baseline -0.001 -21"><span class='ocrx_word' id='word_1_32' title='bbox 323 1169 413 1244; x_wconf 88' lang='grc'>1707,</span> <span class='ocrx_word' id='word_1_33' title='bbox 447 1159 637 1248; x_wconf 80' lang='grc' dir='ltr'><strong><em>ἐπενάριξον</em></strong></span> <span class='ocrx_word' id='word_1_34' title='bbox 661 1169 741 1229; x_wconf 91' lang='grc'>1733</span> <span class='ocrx_word' id='word_1_35' title='bbox 760 1165 799 1244; x_wconf 82' lang='lat'>2),</span> <span class='ocrx_word' id='word_1_36' title='bbox 829 1156 995 1248; x_wconf 74' lang='grc'>15555555</span> <span class='ocrx_word' id='word_1_37' title='bbox 1019 1167 1110 1226; x_wconf 90' lang='grc'>1741.</span> <span class='ocrx_word' id='word_1_38' title='bbox 1134 1201 1177 1210; x_wconf 92' lang='lat'>—-</span> <span class='ocrx_word' id='word_1_39' title='bbox 1213 1161 1425 1241; x_wconf 82' lang='lat' dir='ltr'>Quemadmo-</span> 
     </span>
     <span class='ocr_line' id='line_1_7' title="bbox 319 1258 1519 1351; baseline -0.002 -21"><span class='ocrx_word' id='word_1_40' title='bbox 319 1266 395 1334; x_wconf 89' lang='lat' dir='ltr'>dum</span> <span class='ocrx_word' id='word_1_41' title='bbox 417 1266 515 1351; x_wconf 88' lang='lat' dir='ltr'>igitur</span> <span class='ocrx_word' id='word_1_42' title='bbox 537 1265 709 1350; x_wconf 85' lang='lat' dir='ltr'>Sophocles</span> <span class='ocrx_word' id='word_1_43' title='bbox 732 1286 858 1350; x_wconf 89' lang='lat' dir='ltr'>quoque</span> <span class='ocrx_word' id='word_1_44' title='bbox 885 1284 969 1330; x_wconf 90' lang='lat' dir='ltr'>nova</span> <span class='ocrx_word' id='word_1_45' title='bbox 995 1258 1129 1329; x_wconf 79' lang='lat' dir='ltr'>invenit</span> <span class='ocrx_word' id='word_1_46' title='bbox 1147 1264 1261 1344; x_wconf 89' lang='lat' dir='ltr'>verba,</span> <span class='ocrx_word' id='word_1_47' title='bbox 1297 1265 1343 1328; x_wconf 90' lang='grc'>515</span> <span class='ocrx_word' id='word_1_48' title='bbox 1365 1265 1424 1329; x_wconf 88' lang='lat' dir='ltr'>Ae·</span> <span class='ocrx_word' id='word_1_49' title='bbox 1516 1267 1519 1270; x_wconf 78' lang='grc'><strong><em>’</em></strong></span> 
     </span>
     <span class='ocr_line' id='line_1_8' title="bbox 319 1363 1496 1452; baseline -0.002 -19"><span class='ocrx_word' id='word_1_50' title='bbox 319 1368 446 1452; x_wconf 85' lang='lat' dir='ltr'>schylus</span> <span class='ocrx_word' id='word_1_51' title='bbox 468 1368 633 1448; x_wconf 91' lang='lat' dir='ltr'>vocabula,</span> <span class='ocrx_word' id='word_1_52' title='bbox 656 1371 791 1450; x_wconf 80' lang='lat' dir='ltr'>quoium</span> <span class='ocrx_word' id='word_1_53' title='bbox 813 1367 964 1451; x_wconf 84' lang='lat' dir='ltr'>frequens</span> <span class='ocrx_word' id='word_1_54' title='bbox 986 1370 1143 1446; x_wconf 88' lang='grc'>5515555,</span> <span class='ocrx_word' id='word_1_55' title='bbox 1164 1388 1245 1432; x_wconf 92' lang='lat' dir='ltr'>nove</span> <span class='ocrx_word' id='word_1_56' title='bbox 1266 1366 1426 1432; x_wconf 88' lang='lat' dir='ltr'>translata</span> <span class='ocrx_word' id='word_1_57' title='bbox 1490 1363 1496 1374; x_wconf 86' lang='lat'>&#39;</span> 
     </span>
     <span class='ocr_line' id='line_1_9' title="bbox 319 1469 1425 1554; baseline -0.001 -19"><span class='ocrx_word' id='word_1_58' title='bbox 319 1470 550 1553; x_wconf 86' lang='lat' dir='ltr'>significatione</span> <span class='ocrx_word' id='word_1_59' title='bbox 576 1471 758 1554; x_wconf 89' lang='lat' dir='ltr'>usurpavit,</span> <span class='ocrx_word' id='word_1_60' title='bbox 792 1469 848 1534; x_wconf 89' lang='lat' dir='ltr'>sed</span> <span class='ocrx_word' id='word_1_61' title='bbox 876 1469 911 1532; x_wconf 92' lang='lat' dir='ltr'>in</span> <span class='ocrx_word' id='word_1_62' title='bbox 938 1489 976 1532; x_wconf 88' lang='lat' dir='ltr'>eo</span> <span class='ocrx_word' id='word_1_63' title='bbox 1004 1489 1129 1533; x_wconf 91' lang='lat' dir='ltr'>summa</span> <span class='ocrx_word' id='word_1_64' title='bbox 1158 1471 1264 1552; x_wconf 88' lang='lat' dir='ltr'>posita</span> <span class='ocrx_word' id='word_1_65' title='bbox 1292 1475 1341 1535; x_wconf 89' lang='lat' dir='ltr'>est</span> <span class='ocrx_word' id='word_1_66' title='bbox 1368 1470 1425 1549; x_wconf 90' lang='lat' dir='ltr'>rei,</span> 
     </span>
     <span class='ocr_line' id='line_1_10' title="bbox 319 1570 1423 1656; baseline 0 -20"><span class='ocrx_word' id='word_1_67' title='bbox 319 1573 404 1656; x_wconf 88' lang='lat' dir='ltr'>qnod</span> <span class='ocrx_word' id='word_1_68' title='bbox 425 1572 522 1656; x_wconf 90' lang='lat' dir='ltr'>hujus</span> <span class='ocrx_word' id='word_1_69' title='bbox 544 1573 577 1637; x_wconf 90' lang='lat' dir='ltr'>in</span> <span class='ocrx_word' id='word_1_70' title='bbox 600 1572 659 1637; x_wconf 91' lang='lat' dir='ltr'>illa</span> <span class='ocrx_word' id='word_1_71' title='bbox 680 1593 715 1636; x_wconf 89' lang='lat' dir='ltr'>re</span> <span class='ocrx_word' id='word_1_72' title='bbox 737 1573 842 1636; x_wconf 90' lang='lat' dir='ltr'>minor</span> <span class='ocrx_word' id='word_1_73' title='bbox 864 1576 913 1635; x_wconf 91' lang='lat' dir='ltr'>est</span> <span class='ocrx_word' id='word_1_74' title='bbox 935 1570 1089 1648; x_wconf 88' lang='grc'>5565515,</span> <span class='ocrx_word' id='word_1_75' title='bbox 1124 1571 1213 1636; x_wconf 87' lang='grc'>111155</span> <span class='ocrx_word' id='word_1_76' title='bbox 1240 1572 1272 1636; x_wconf 88' lang='grc'>15</span> <span class='ocrx_word' id='word_1_77' title='bbox 1296 1572 1356 1636; x_wconf 90' lang='grc'>555</span> <span class='ocrx_word' id='word_1_78' title='bbox 1377 1592 1423 1637; x_wconf 90' lang='lat' dir='ltr'>re.</span> 
     </span>
     <span class='ocr_line' id='line_1_11' title="bbox 320 1671 1425 1758; baseline -0.001 -19"><span class='ocrx_word' id='word_1_79' title='bbox 320 1675 381 1754; x_wconf 86' lang='lat' dir='ltr'>Qui</span> <span class='ocrx_word' id='word_1_80' title='bbox 402 1675 558 1741; x_wconf 93' lang='lat' dir='ltr'>vocabula</span> <span class='ocrx_word' id='word_1_81' title='bbox 585 1675 643 1740; x_wconf 91' lang='lat' dir='ltr'>illa</span> <span class='ocrx_word' id='word_1_82' title='bbox 670 1696 710 1739; x_wconf 90' lang='grc'>55</span> <span class='ocrx_word' id='word_1_83' title='bbox 737 1675 859 1758; x_wconf 87' lang='lat' dir='ltr'>Oedipo</span> <span class='ocrx_word' id='word_1_84' title='bbox 882 1671 1021 1738; x_wconf 80' lang='lat' dir='ltr'>Coloneo</span> <span class='ocrx_word' id='word_1_85' title='bbox 1044 1672 1179 1738; x_wconf 88' lang='lat' dir='ltr'>collecta</span> <span class='ocrx_word' id='word_1_86' title='bbox 1201 1695 1273 1737; x_wconf 90' lang='lat' dir='ltr'>cum</span> <span class='ocrx_word' id='word_1_87' title='bbox 1297 1673 1425 1739; x_wconf 90' lang='lat' dir='ltr'>vocibus</span> 
     </span>
     <span class='ocr_line' id='line_1_12' title="bbox 318 1775 1425 1860; baseline 0 -20"><span class='ocrx_word' id='word_1_88' title='bbox 318 1776 358 1841; x_wconf 93' lang='lat' dir='ltr'>ab</span> <span class='ocrx_word' id='word_1_89' title='bbox 375 1777 531 1860; x_wconf 85' lang='lat' dir='ltr'><strong>Aeschylo</strong></span> <span class='ocrx_word' id='word_1_90' title='bbox 553 1775 636 1842; x_wconf 87' lang='lat' dir='ltr'>fictis</span> <span class='ocrx_word' id='word_1_91' title='bbox 659 1776 901 1860; x_wconf 82' lang='lat' dir='ltr'>comparaverit,</span> <span class='ocrx_word' id='word_1_92' title='bbox 923 1775 1018 1840; x_wconf 84' lang='lat' dir='ltr'>facile</span> <span class='ocrx_word' id='word_1_93' title='bbox 1040 1775 1154 1858; x_wconf 87' lang='lat' dir='ltr'>opinor</span> <span class='ocrx_word' id='word_1_94' title='bbox 1174 1778 1304 1860; x_wconf 87' lang='lat' dir='ltr'>poterit,</span> <span class='ocrx_word' id='word_1_95' title='bbox 1327 1797 1425 1859; x_wconf 90' lang='lat' dir='ltr'>quam</span> 
     </span>
     <span class='ocr_line' id='line_1_13' title="bbox 319 1875 1426 1963; baseline -0.002 -18"><span class='ocrx_word' id='word_1_96' title='bbox 319 1884 421 1945; x_wconf 90' lang='grc'>555155</span> <span class='ocrx_word' id='word_1_97' title='bbox 443 1879 655 1963; x_wconf 84' lang='grc'>5555555561</span> <span class='ocrx_word' id='word_1_98' title='bbox 675 1877 756 1942; x_wconf 88' lang='lat' dir='ltr'>fines</span> <span class='ocrx_word' id='word_1_99' title='bbox 777 1879 838 1944; x_wconf 87' lang='lat' dir='ltr'>sibi</span> <span class='ocrx_word' id='word_1_100' title='bbox 860 1877 1064 1945; x_wconf 86' lang='lat' dir='ltr'>constituerit</span> <span class='ocrx_word' id='word_1_101' title='bbox 1085 1875 1273 1960; x_wconf 86' lang='lat' dir='ltr'>Sophocles,</span> <span class='ocrx_word' id='word_1_102' title='bbox 1311 1899 1426 1962; x_wconf 79' lang='lat' dir='ltr'>cogno·</span> 
     </span>
     <span class='ocr_line' id='line_1_14' title="bbox 318 1979 1427 2065; baseline 0 -19"><span class='ocrx_word' id='word_1_103' title='bbox 318 2001 420 2060; x_wconf 88' lang='lat' dir='ltr'>scere,</span> <span class='ocrx_word' id='word_1_104' title='bbox 452 2001 595 2065; x_wconf 87' lang='lat' dir='ltr'>quasque</span> <span class='ocrx_word' id='word_1_105' title='bbox 625 1981 768 2045; x_wconf 90' lang='lat' dir='ltr'>rationes</span> <span class='ocrx_word' id='word_1_106' title='bbox 796 1980 830 2047; x_wconf 90' lang='lat' dir='ltr'>in</span> <span class='ocrx_word' id='word_1_107' title='bbox 861 2001 922 2046; x_wconf 90' lang='lat' dir='ltr'>usu</span> <span class='ocrx_word' id='word_1_108' title='bbox 949 1979 1118 2045; x_wconf 89' lang='lat' dir='ltr'>verborum</span> <span class='ocrx_word' id='word_1_109' title='bbox 1148 1985 1181 2044; x_wconf 92' lang='lat' dir='ltr'>et</span> <span class='ocrx_word' id='word_1_110' title='bbox 1210 2000 1364 2045; x_wconf 92' lang='lat' dir='ltr'>novorum</span> <span class='ocrx_word' id='word_1_111' title='bbox 1393 1986 1427 2046; x_wconf 84' lang='lat' dir='ltr'>et</span> 
     </span>
     <span class='ocr_line' id='line_1_15' title="bbox 319 2082 1426 2166; baseline 0 -18"><span class='ocrx_word' id='word_1_112' title='bbox 319 2105 399 2148; x_wconf 90' lang='lat' dir='ltr'>nove</span> <span class='ocrx_word' id='word_1_113' title='bbox 423 2083 581 2148; x_wconf 90' lang='lat' dir='ltr'>dictorum</span> <span class='ocrx_word' id='word_1_114' title='bbox 604 2088 731 2147; x_wconf 88' lang='lat' dir='ltr'>secutus</span> <span class='ocrx_word' id='word_1_115' title='bbox 753 2085 803 2147; x_wconf 90' lang='lat' dir='ltr'>sit.</span> <span class='ocrx_word' id='word_1_116' title='bbox 854 2082 1047 2166; x_wconf 80' lang='lat' dir='ltr'><strong>Aeschylum</strong></span> <span class='ocrx_word' id='word_1_117' title='bbox 1068 2082 1238 2165; x_wconf 84' lang='lat' dir='ltr'>Euripides</span> <span class='ocrx_word' id='word_1_118' title='bbox 1259 2082 1293 2146; x_wconf 91' lang='lat' dir='ltr'>in</span> <span class='ocrx_word' id='word_1_119' title='bbox 1314 2082 1426 2148; x_wconf 85' lang='lat' dir='ltr'>fabula</span> 
     </span>
     <span class='ocr_line' id='line_1_16' title="bbox 318 2181 1480 2273; baseline 0.001 -23"><span class='ocrx_word' id='word_1_120' title='bbox 318 2185 543 2269; x_wconf 80' lang='lat' dir='ltr'>Aristophanis</span> <span class='ocrx_word' id='word_1_121' title='bbox 557 2187 587 2265; x_wconf 85' lang='grc'>3)</span> <span class='ocrx_word' id='word_1_122' title='bbox 611 2181 1012 2273; x_wconf 78' lang='grc' dir='ltr'><strong><em>κομποφακελλορρήμονο</em></strong></span> <span class='ocrx_word' id='word_1_123' title='bbox 1033 2184 1180 2248; x_wconf 90' lang='lat' dir='ltr'>nominat</span> <span class='ocrx_word' id='word_1_124' title='bbox 1201 2185 1334 2249; x_wconf 91' lang='lat' dir='ltr'>nimium</span> <span class='ocrx_word' id='word_1_125' title='bbox 1355 2186 1427 2269; x_wconf 85' lang='lat' dir='ltr'>ejus</span> <span class='ocrx_word' id='word_1_126' title='bbox 1471 2191 1480 2209; x_wconf 77' lang='lat'><em>⁶</em></span> 
     </span>
     <span class='ocr_line' id='line_1_17' title="bbox 318 2286 1426 2371; baseline 0 -19"><span class='ocrx_word' id='word_1_127' title='bbox 318 2287 528 2371; x_wconf 88' lang='lat' dir='ltr'>componendi</span> <span class='ocrx_word' id='word_1_128' title='bbox 550 2286 691 2350; x_wconf 91' lang='lat' dir='ltr'>studium</span> <span class='ocrx_word' id='word_1_129' title='bbox 715 2287 887 2366; x_wconf 86' lang='lat' dir='ltr'>denotans,</span> <span class='ocrx_word' id='word_1_130' title='bbox 919 2286 1091 2370; x_wconf 85' lang='lat' dir='ltr'>Sophocles</span> <span class='ocrx_word' id='word_1_131' title='bbox 1114 2308 1153 2350; x_wconf 91' lang='grc'>55</span> <span class='ocrx_word' id='word_1_132' title='bbox 1174 2287 1326 2351; x_wconf 91' lang='lat' dir='ltr'>similium</span> <span class='ocrx_word' id='word_1_133' title='bbox 1349 2309 1426 2352; x_wconf 86' lang='lat' dir='ltr'>ana-</span> 
     </span>
     <span class='ocr_line' id='line_1_18' title="bbox 318 2388 1427 2472; baseline 0.001 -17"><span class='ocrx_word' id='word_1_134' title='bbox 318 2390 404 2470; x_wconf 80' lang='lat' dir='ltr'>logia</span> <span class='ocrx_word' id='word_1_135' title='bbox 424 2389 543 2454; x_wconf 87' lang='lat' dir='ltr'>format</span> <span class='ocrx_word' id='word_1_136' title='bbox 565 2409 648 2472; x_wconf 89' lang='lat' dir='ltr'>quae</span> <span class='ocrx_word' id='word_1_137' title='bbox 670 2388 788 2454; x_wconf 86' lang='lat' dir='ltr'>format</span> <span class='ocrx_word' id='word_1_138' title='bbox 804 2393 849 2469; x_wconf 79' lang='grc'>4),</span> <span class='ocrx_word' id='word_1_139' title='bbox 874 2390 922 2454; x_wconf 88' lang='grc'>115</span> <span class='ocrx_word' id='word_1_140' title='bbox 944 2394 1070 2468; x_wconf 85' lang='lat' dir='ltr'>tamen,</span> <span class='ocrx_word' id='word_1_141' title='bbox 1100 2396 1269 2454; x_wconf 89' lang='lat' dir='ltr'>uteorum</span> <span class='ocrx_word' id='word_1_142' title='bbox 1291 2390 1339 2454; x_wconf 93' lang='lat' dir='ltr'>vis</span> <span class='ocrx_word' id='word_1_143' title='bbox 1361 2390 1427 2456; x_wconf 90' lang='lat' dir='ltr'>alia</span> 
     </span>
     <span class='ocr_line' id='line_1_19' title="bbox 318 2491 1427 2575; baseline 0.001 -18"><span class='ocrx_word' id='word_1_144' title='bbox 318 2493 368 2570; x_wconf 89' lang='lat' dir='ltr'>sit,</span> <span class='ocrx_word' id='word_1_145' title='bbox 390 2497 487 2574; x_wconf 89' lang='lat' dir='ltr'>atque</span> <span class='ocrx_word' id='word_1_146' title='bbox 509 2511 607 2574; x_wconf 89' lang='lat' dir='ltr'>quam</span> <span class='ocrx_word' id='word_1_147' title='bbox 630 2533 668 2540; x_wconf 97' lang='lat'><em>-</em></span> <span class='ocrx_word' id='word_1_148' title='bbox 693 2491 962 2575; x_wconf 90' lang='lat' dir='ltr'>quemadmodum</span> <span class='ocrx_word' id='word_1_149' title='bbox 985 2491 1124 2556; x_wconf 84' lang='lat' dir='ltr'>formata</span> <span class='ocrx_word' id='word_1_150' title='bbox 1146 2497 1222 2556; x_wconf 88' lang='grc'>5551</span> <span class='ocrx_word' id='word_1_151' title='bbox 1242 2529 1285 2540; x_wconf 84' lang='lat'><em>-</em></span> <span class='ocrx_word' id='word_1_152' title='bbox 1308 2491 1427 2558; x_wconf 88' lang='lat' dir='ltr'>habers</span> 
     </span>
     <span class='ocr_line' id='line_1_20' title="bbox 318 2593 1427 2678; baseline 0.002 -20"><span class='ocrx_word' id='word_1_153' title='bbox 318 2593 463 2658; x_wconf 89' lang='lat' dir='ltr'>debeant.</span> <span class='ocrx_word' id='word_1_154' title='bbox 509 2593 552 2658; x_wconf 92' lang='lat' dir='ltr'>Ut</span> <span class='ocrx_word' id='word_1_155' title='bbox 574 2593 754 2676; x_wconf 88' lang='lat' dir='ltr'>exemplum</span> <span class='ocrx_word' id='word_1_156' title='bbox 776 2594 823 2659; x_wconf 89' lang='lat' dir='ltr'>rei</span> <span class='ocrx_word' id='word_1_157' title='bbox 845 2593 1029 2678; x_wconf 83' lang='lat' dir='ltr'>adjungam,</span> <span class='ocrx_word' id='word_1_158' title='bbox 1054 2614 1267 2659; x_wconf 87' lang='lat' dir='ltr'>commemoro</span> <span class='ocrx_word' id='word_1_159' title='bbox 1289 2594 1352 2658; x_wconf 92' lang='lat' dir='ltr'>duo</span> <span class='ocrx_word' id='word_1_160' title='bbox 1374 2617 1427 2660; x_wconf 91' lang='lat' dir='ltr'>sn-</span> 
     </span>
     <span class='ocr_line' id='line_1_21' title="bbox 316 2688 1425 2781; baseline 0.002 -21"><span class='ocrx_word' id='word_1_161' title='bbox 316 2716 377 2778; x_wconf 88' lang='lat' dir='ltr'>pra</span> <span class='ocrx_word' id='word_1_162' title='bbox 397 2717 437 2760; x_wconf 90' lang='grc'>55</span> <span class='ocrx_word' id='word_1_163' title='bbox 459 2695 535 2760; x_wconf 89' lang='grc'>056.</span> <span class='ocrx_word' id='word_1_164' title='bbox 560 2695 627 2760; x_wconf 84' lang='grc'>(151.</span> <span class='ocrx_word' id='word_1_165' title='bbox 651 2692 753 2759; x_wconf 88' lang='grc'>511515</span> <span class='ocrx_word' id='word_1_166' title='bbox 774 2696 888 2761; x_wconf 87' lang='grc'>55555;</span> <span class='ocrx_word' id='word_1_167' title='bbox 923 2690 1067 2781; x_wconf 59' lang='lat' dir='ltr'>adunca</span> <span class='ocrx_word' id='word_1_168' title='bbox 1089 2700 1128 2758; x_wconf 70' lang='lat' dir='ltr'>eb</span> <span class='ocrx_word' id='word_1_169' title='bbox 1143 2688 1353 2781; x_wconf 71' lang='grc'>6551555555,</span> <span class='ocrx_word' id='word_1_170' title='bbox 1384 2697 1425 2762; x_wconf 91' lang='grc'>65</span> 
     </span>
     <span class='ocr_line' id='line_1_22' title="bbox 317 2796 1423 2886; baseline 0.004 -25"><span class='ocrx_word' id='word_1_171' title='bbox 317 2796 538 2881; x_wconf 82' lang='grc'>5515551555</span> <span class='ocrx_word' id='word_1_172' title='bbox 560 2818 664 2862; x_wconf 92' lang='lat' dir='ltr'>sermo</span> <span class='ocrx_word' id='word_1_173' title='bbox 686 2797 757 2862; x_wconf 86' lang='lat' dir='ltr'>erit.</span> <span class='ocrx_word' id='word_1_174' title='bbox 782 2833 822 2844; x_wconf 92' lang='lat'>-</span> <span class='ocrx_word' id='word_1_175' title='bbox 853 2796 960 2876; x_wconf 80' lang='lat' dir='ltr'>Quid?</span> <span class='ocrx_word' id='word_1_176' title='bbox 981 2796 1066 2880; x_wconf 90' lang='lat' dir='ltr'>quod</span> <span class='ocrx_word' id='word_1_177' title='bbox 1089 2799 1234 2880; x_wconf 90' lang='lat' dir='ltr'>quamvis</span> <span class='ocrx_word' id='word_1_178' title='bbox 1255 2799 1298 2863; x_wconf 88' lang='grc'>511</span> <span class='ocrx_word' id='word_1_179' title='bbox 1321 2797 1423 2886; x_wconf 83' lang='grc' dir='ltr'><strong><em>ζηλω-</em></strong></span> 
     </span>
     <span class='ocr_line' id='line_1_23' title="bbox 316 2893 1424 2986; baseline 0.004 -23"><span class='ocrx_word' id='word_1_180' title='bbox 316 2895 373 2986; x_wconf 80' lang='grc' dir='ltr'>τὴς</span> <span class='ocrx_word' id='word_1_181' title='bbox 391 2893 528 2986; x_wconf 85' lang='grc' dir='ltr'><strong><em>Ὁμήρου</em></strong></span> <span class='ocrx_word' id='word_1_182' title='bbox 545 2904 588 2982; x_wconf 86' lang='grc'>5),</span> <span class='ocrx_word' id='word_1_183' title='bbox 617 2900 788 2979; x_wconf 88' lang='grc'>55555515,</span> <span class='ocrx_word' id='word_1_184' title='bbox 812 2921 948 2984; x_wconf 86' lang='lat' dir='ltr'>quorum</span> <span class='ocrx_word' id='word_1_185' title='bbox 971 2906 1120 2965; x_wconf 88' lang='grc'>55551555</span> <span class='ocrx_word' id='word_1_186' title='bbox 1141 2901 1228 2985; x_wconf 90' lang='grc'>5556</span> <span class='ocrx_word' id='word_1_187' title='bbox 1249 2901 1424 2968; x_wconf 81' lang='lat' dir='ltr'>Homerum</span> 
     </span>
     <span class='ocr_line' id='line_1_24' title="bbox 316 2987 1423 3088; baseline 0.003 -21"><span class='ocrx_word' id='word_1_188' title='bbox 316 3001 449 3080; x_wconf 89' lang='grc'>551515,</span> <span class='ocrx_word' id='word_1_189' title='bbox 485 3007 612 3066; x_wconf 88' lang='lat' dir='ltr'>mutata</span> <span class='ocrx_word' id='word_1_190' title='bbox 640 2987 874 3086; x_wconf 85' lang='lat' dir='ltr'>significatione</span> <span class='ocrx_word' id='word_1_191' title='bbox 902 3002 964 3068; x_wconf 93' lang='lat' dir='ltr'>sibi</span> <span class='ocrx_word' id='word_1_192' title='bbox 992 3003 1098 3067; x_wconf 91' lang='lat' dir='ltr'>sumit.</span> <span class='ocrx_word' id='word_1_193' title='bbox 1155 3002 1207 3068; x_wconf 91' lang='lat' dir='ltr'>Sic</span> <span class='ocrx_word' id='word_1_194' title='bbox 1229 3002 1423 3088; x_wconf 81' lang='lat' dir='ltr'>adjectivum</span> 
     </span>
     <span class='ocr_line' id='line_1_25' title="bbox 316 3097 1427 3190; baseline 0.005 -24"><span class='ocrx_word' id='word_1_195' title='bbox 316 3097 500 3182; x_wconf 73' lang='grc' dir='ltr'><strong><em>πολοτλάς,</em></strong></span> <span class='ocrx_word' id='word_1_196' title='bbox 539 3105 740 3169; x_wconf 87' lang='lat' dir='ltr'>notissimum</span> <span class='ocrx_word' id='word_1_197' title='bbox 770 3105 852 3170; x_wconf 91' lang='lat' dir='ltr'>illud</span> <span class='ocrx_word' id='word_1_198' title='bbox 881 3104 1001 3182; x_wconf 83' lang='lat' dir='ltr'>Ulixis,</span> <span class='ocrx_word' id='word_1_199' title='bbox 1038 3106 1156 3190; x_wconf 90' lang='grc'>551555</span> <span class='ocrx_word' id='word_1_200' title='bbox 1177 3108 1233 3190; x_wconf 90' lang='grc'>551</span> <span class='ocrx_word' id='word_1_201' title='bbox 1256 3107 1359 3171; x_wconf 90' lang='lat' dir='ltr'>multa</span> <span class='ocrx_word' id='word_1_202' title='bbox 1381 3108 1427 3172; x_wconf 91' lang='grc'>511</span> 
     </span>
     <span class='ocr_line' id='line_1_26' title="bbox 315 3206 1422 3292; baseline 0.004 -22"><span class='ocrx_word' id='word_1_203' title='bbox 315 3227 500 3290; x_wconf 77' lang='lat' dir='ltr'>perpessae,</span> <span class='ocrx_word' id='word_1_204' title='bbox 537 3227 713 3290; x_wconf 85' lang='lat' dir='ltr'>cognomen</span> <span class='ocrx_word' id='word_1_205' title='bbox 736 3229 756 3271; x_wconf 90' lang='grc'>5</span> <span class='ocrx_word' id='word_1_206' title='bbox 779 3206 934 3291; x_wconf 88' lang='lat' dir='ltr'>Sophocle</span> <span class='ocrx_word' id='word_1_207' title='bbox 956 3208 991 3271; x_wconf 91' lang='lat' dir='ltr'>in</span> <span class='ocrx_word' id='word_1_208' title='bbox 1012 3207 1132 3272; x_wconf 90' lang='lat' dir='ltr'>malam</span> <span class='ocrx_word' id='word_1_209' title='bbox 1153 3214 1280 3292; x_wconf 89' lang='lat' dir='ltr'>partem</span> <span class='ocrx_word' id='word_1_210' title='bbox 1301 3209 1422 3274; x_wconf 90' lang='lat' dir='ltr'>dictum</span> 
     </span>
     <span class='ocr_line' id='line_1_27' title="bbox 319 3307 1171 3393; baseline 0.002 -21"><span class='ocrx_word' id='word_1_211' title='bbox 319 3307 496 3391; x_wconf 83' lang='lat' dir='ltr'>significat:</span> <span class='ocrx_word' id='word_1_212' title='bbox 522 3309 597 3393; x_wconf 89' lang='lat' dir='ltr'>,qui</span> <span class='ocrx_word' id='word_1_213' title='bbox 619 3309 701 3373; x_wconf 91' lang='lat' dir='ltr'>nihil</span> <span class='ocrx_word' id='word_1_214' title='bbox 721 3330 786 3374; x_wconf 90' lang='lat' dir='ltr'>non</span> <span class='ocrx_word' id='word_1_215' title='bbox 809 3311 938 3386; x_wconf 86' lang='lat' dir='ltr'>audet“,</span> <span class='ocrx_word' id='word_1_216' title='bbox 960 3309 1011 3392; x_wconf 78' lang='lat' dir='ltr'>sj.</span> <span class='ocrx_word' id='word_1_217' title='bbox 1034 3314 1107 3374; x_wconf 85' lang='grc'>954.</span> <span class='ocrx_word' id='word_1_218' title='bbox 1130 3347 1171 3358; x_wconf 90' lang='grc'>-</span> 
     </span>
    </p>

    <p class='ocr_par' dir='ltr' id='par_1_4' title="bbox 315 3410 1423 3906">
     <span class='ocr_line' id='line_1_28' title="bbox 402 3410 1421 3498; baseline 0.007 -24"><span class='ocrx_word' id='word_1_219' title='bbox 402 3411 521 3475; x_wconf 71' lang='lat' dir='ltr'>Poetae</span> <span class='ocrx_word' id='word_1_220' title='bbox 536 3410 751 3477; x_wconf 79' lang='grc' dir='ltr'>1555515555ᾰί</span> <span class='ocrx_word' id='word_1_221' title='bbox 767 3431 887 3477; x_wconf 89' lang='lat' dir='ltr'>morem</span> <span class='ocrx_word' id='word_1_222' title='bbox 901 3416 1073 3497; x_wconf 81' lang='lat' dir='ltr'>postquam</span> <span class='ocrx_word' id='word_1_223' title='bbox 1085 3421 1302 3495; x_wconf 82' lang='lat' dir='ltr'>cognoverunt</span> <span class='ocrx_word' id='word_1_224' title='bbox 1316 3435 1421 3498; x_wconf 85' lang='lat' dir='ltr'>gram-</span> 
     </span>
     <span class='ocr_line' id='line_1_29' title="bbox 316 3513 1423 3598; baseline 0.004 -19"><span class='ocrx_word' id='word_1_225' title='bbox 316 3513 436 3593; x_wconf 90' lang='lat' dir='ltr'>matici,</span> <span class='ocrx_word' id='word_1_226' title='bbox 457 3534 532 3577; x_wconf 86' lang='lat' dir='ltr'>mox</span> <span class='ocrx_word' id='word_1_227' title='bbox 554 3533 591 3577; x_wconf 87' lang='lat' dir='ltr'>eo</span> <span class='ocrx_word' id='word_1_228' title='bbox 614 3518 662 3579; x_wconf 89' lang='grc'>551</span> <span class='ocrx_word' id='word_1_229' title='bbox 678 3519 817 3594; x_wconf 90' lang='lat' dir='ltr'>ventum,</span> <span class='ocrx_word' id='word_1_230' title='bbox 840 3519 877 3578; x_wconf 91' lang='grc'>51</span> <span class='ocrx_word' id='word_1_231' title='bbox 898 3533 981 3598; x_wconf 89' lang='grc'>5555</span> <span class='ocrx_word' id='word_1_232' title='bbox 1001 3513 1098 3578; x_wconf 91' lang='lat' dir='ltr'>fidem</span> <span class='ocrx_word' id='word_1_233' title='bbox 1120 3513 1243 3579; x_wconf 88' lang='lat' dir='ltr'>nullam</span> <span class='ocrx_word' id='word_1_234' title='bbox 1265 3515 1423 3583; x_wconf 90' lang='lat' dir='ltr'>haberent</span> 
     </span>
     <span class='ocr_line' id='line_1_30' title="bbox 315 3619 1422 3701; baseline 0.001 -18"><span class='ocrx_word' id='word_1_235' title='bbox 315 3620 520 3701; x_wconf 86' lang='lat' dir='ltr'>exponerent,</span> <span class='ocrx_word' id='word_1_236' title='bbox 543 3620 640 3698; x_wconf 92' lang='grc'>51555</span> <span class='ocrx_word' id='word_1_237' title='bbox 662 3637 700 3682; x_wconf 90' lang='grc'>55</span> <span class='ocrx_word' id='word_1_238' title='bbox 715 3629 816 3700; x_wconf 83' lang='lat' dir='ltr'>usque</span> <span class='ocrx_word' id='word_1_239' title='bbox 831 3635 1075 3701; x_wconf 81' lang='lat' dir='ltr'>nonnumquam</span> <span class='ocrx_word' id='word_1_240' title='bbox 1098 3621 1174 3679; x_wconf 89' lang='grc'>5551</span> <span class='ocrx_word' id='word_1_241' title='bbox 1194 3619 1362 3700; x_wconf 81' lang='lat' dir='ltr'>progressi,</span> <span class='ocrx_word' id='word_1_242' title='bbox 1385 3625 1422 3684; x_wconf 91' lang='grc'>51</span> 
     </span>
     <span class='ocr_line' id='line_1_31' title="bbox 315 3717 1421 3804; baseline 0.002 -21"><span class='ocrx_word' id='word_1_243' title='bbox 315 3720 378 3784; x_wconf 90' lang='lat' dir='ltr'>vim</span> <span class='ocrx_word' id='word_1_244' title='bbox 402 3717 546 3784; x_wconf 84' lang='lat' dir='ltr'>vocabuli</span> <span class='ocrx_word' id='word_1_245' title='bbox 570 3738 590 3781; x_wconf 91' lang='lat' dir='ltr'>a</span> <span class='ocrx_word' id='word_1_246' title='bbox 612 3720 709 3801; x_wconf 76' lang='grc'>55515</span> <span class='ocrx_word' id='word_1_247' title='bbox 736 3719 769 3783; x_wconf 90' lang='grc'>15</span> <span class='ocrx_word' id='word_1_248' title='bbox 793 3719 988 3784; x_wconf 89' lang='lat' dir='ltr'>contrariam</span> <span class='ocrx_word' id='word_1_249' title='bbox 1018 3738 1087 3783; x_wconf 87' lang='lat' dir='ltr'>esse</span> <span class='ocrx_word' id='word_1_250' title='bbox 1114 3723 1331 3804; x_wconf 77' lang='lat' dir='ltr'>permutatam</span> <span class='ocrx_word' id='word_1_251' title='bbox 1360 3721 1421 3785; x_wconf 90' lang='lat' dir='ltr'>sibi</span> 
     </span>
     <span class='ocr_line' id='line_1_32' title="bbox 315 3819 1420 3906; baseline 0.001 -19"><span class='ocrx_word' id='word_1_252' title='bbox 315 3819 556 3906; x_wconf 87' lang='lat' dir='ltr'>persuaderent,</span> <span class='ocrx_word' id='word_1_253' title='bbox 580 3840 677 3904; x_wconf 89' lang='lat' dir='ltr'>quam</span> <span class='ocrx_word' id='word_1_254' title='bbox 697 3821 810 3904; x_wconf 92' lang='lat' dir='ltr'>procul</span> <span class='ocrx_word' id='word_1_255' title='bbox 833 3821 874 3886; x_wconf 90' lang='lat' dir='ltr'>ab</span> <span class='ocrx_word' id='word_1_256' title='bbox 896 3826 966 3886; x_wconf 90' lang='lat' dir='ltr'>arte</span> <span class='ocrx_word' id='word_1_257' title='bbox 988 3821 1112 3906; x_wconf 86' lang='lat' dir='ltr'>tragica</span> <span class='ocrx_word' id='word_1_258' title='bbox 1127 3821 1351 3905; x_wconf 87' lang='lat' dir='ltr'>perspicienda</span> <span class='ocrx_word' id='word_1_259' title='bbox 1366 3823 1420 3888; x_wconf 91' lang='grc'>55-</span> 
     </span>
    </p>
   </div>
   <div class='ocr_carea' id='block_1_4' title="bbox 385 4095 1268 4522">
    <p class='ocr_par' dir='ltr' id='par_1_5' title="bbox 388 4095 1199 4173">
     <span class='ocr_line' id='line_1_33' title="bbox 388 4095 1199 4173; baseline 0.001 -20"><span class='ocrx_word' id='word_1_260' title='bbox 388 4102 408 4172; x_wconf 85' lang='grc'>1)</span> <span class='ocrx_word' id='word_1_261' title='bbox 443 4095 628 4173; x_wconf 74' lang='grc' dir='ltr'><strong><em>ἀπρόσοιστος</em></strong></span> <span class='ocrx_word' id='word_1_262' title='bbox 644 4099 747 4171; x_wconf 83' lang='lat' dir='ltr'>legitur</span> <span class='ocrx_word' id='word_1_263' title='bbox 765 4099 839 4170; x_wconf 89' lang='lat' dir='ltr'>apud</span> <span class='ocrx_word' id='word_1_264' title='bbox 857 4098 1032 4167; x_wconf 83' lang='lat' dir='ltr'>Aeschylum.</span> <span class='ocrx_word' id='word_1_265' title='bbox 1069 4099 1104 4153; x_wconf 87' lang='grc'>51.</span> <span class='ocrx_word' id='word_1_266' title='bbox 1123 4100 1138 4170; x_wconf 65' lang='lat'><strong>5</strong></span> <span class='ocrx_word' id='word_1_267' title='bbox 1158 4101 1199 4154; x_wconf 91' lang='grc'>16.</span> 
     </span>
    </p>

    <p class='ocr_par' dir='ltr' id='par_1_6' title="bbox 385 4185 1105 4259">
     <span class='ocr_line' id='line_1_34' title="bbox 385 4185 1105 4259; baseline -0.003 -16"><span class='ocrx_word' id='word_1_268' title='bbox 385 4190 408 4259; x_wconf 79' lang='lat'>²)</span> <span class='ocrx_word' id='word_1_269' title='bbox 443 4187 517 4259; x_wconf 90' lang='lat' dir='ltr'>quod</span> <span class='ocrx_word' id='word_1_270' title='bbox 534 4205 568 4242; x_wconf 87' lang='lat' dir='ltr'>ex</span> <span class='ocrx_word' id='word_1_271' title='bbox 586 4187 739 4242; x_wconf 88' lang='lat' dir='ltr'>Hermanni</span> <span class='ocrx_word' id='word_1_272' title='bbox 756 4187 948 4242; x_wconf 85' lang='lat' dir='ltr'>emendatione</span> <span class='ocrx_word' id='word_1_273' title='bbox 966 4185 1105 4241; x_wconf 86' lang='lat' dir='ltr'>scribitur.</span> 
     </span>
    </p>

    <p class='ocr_par' dir='ltr' id='par_1_7' title="bbox 386 4277 616 4347">
     <span class='ocr_line' id='line_1_35' title="bbox 386 4277 616 4347; baseline -0.017 -15"><span class='ocrx_word' id='word_1_274' title='bbox 386 4278 409 4347; x_wconf 80' lang='lat'>³)</span> <span class='ocrx_word' id='word_1_275' title='bbox 444 4277 539 4331; x_wconf 81' lang='lat' dir='ltr'>Ranae</span> <span class='ocrx_word' id='word_1_276' title='bbox 556 4277 616 4329; x_wconf 87' lang='grc'>839.</span> 
     </span>
    </p>

    <p class='ocr_par' dir='ltr' id='par_1_8' title="bbox 385 4360 1268 4522">
     <span class='ocr_line' id='line_1_36' title="bbox 385 4360 1268 4435; baseline -0.008 -15"><span class='ocrx_word' id='word_1_277' title='bbox 385 4365 409 4435; x_wconf 77' lang='lat'>⁴)</span> <span class='ocrx_word' id='word_1_278' title='bbox 443 4364 542 4420; x_wconf 84' lang='lat' dir='ltr'>Struve</span> <span class='ocrx_word' id='word_1_279' title='bbox 560 4362 595 4417; x_wconf 90' lang='grc'>65</span> <span class='ocrx_word' id='word_1_280' title='bbox 613 4362 734 4417; x_wconf 83' lang='lat' dir='ltr'>dictione</span> <span class='ocrx_word' id='word_1_281' title='bbox 751 4360 903 4431; x_wconf 84' lang='lat' dir='ltr'>Sophoclis.</span> <span class='ocrx_word' id='word_1_282' title='bbox 937 4361 1155 4417; x_wconf 76' lang='grc'>8555511864.</span> <span class='ocrx_word' id='word_1_283' title='bbox 1179 4377 1207 4432; x_wconf 89' lang='grc'>5.</span> <span class='ocrx_word' id='word_1_284' title='bbox 1227 4362 1268 4415; x_wconf 87' lang='grc'>13.</span> 
     </span>
     <span class='ocr_line' id='line_1_37' title="bbox 387 4448 956 4522; baseline -0.004 -15"><span class='ocrx_word' id='word_1_285' title='bbox 387 4452 409 4521; x_wconf 87' lang='grc'>5)</span> <span class='ocrx_word' id='word_1_286' title='bbox 444 4451 571 4506; x_wconf 85' lang='lat' dir='ltr'>Eustath.</span> <span class='ocrx_word' id='word_1_287' title='bbox 589 4468 616 4522; x_wconf 91' lang='lat' dir='ltr'>p.</span> <span class='ocrx_word' id='word_1_288' title='bbox 635 4451 696 4520; x_wconf 85' lang='grc'>514,</span> <span class='ocrx_word' id='word_1_289' title='bbox 715 4451 758 4522; x_wconf 71' lang='grc'>45.</span> <span class='ocrx_word' id='word_1_290' title='bbox 776 4448 812 4505; x_wconf 87' lang='grc'>56</span> <span class='ocrx_word' id='word_1_291' title='bbox 828 4451 861 4508; x_wconf 92' lang='lat'>11.</span> <span class='ocrx_word' id='word_1_292' title='bbox 878 4452 912 4519; x_wconf 86' lang='lat' dir='ltr'>V,</span> <span class='ocrx_word' id='word_1_293' title='bbox 930 4450 956 4505; x_wconf 90' lang='grc'>6.</span> 
     </span>
    </p>
   </div>
   <div class='ocr_carea' id='block_1_5' title="bbox 0 0 1804 5334">
    <p class='ocr_par' dir='ltr' id='par_1_9' title="bbox 0 0 1804 5334">
     <span class='ocr_line' id='line_1_38' title="bbox 0 0 1804 5334; baseline 0 1"><span class='ocrx_word' id='word_1_294' title='bbox 0 0 1804 5334; x_wconf 95' lang='lat' dir='ltr'> </span> 
     </span>
    </p>
   </div>
  </div>
 </body>
</html>
