3600 5334
922 541 965 602 40

396 725 430 790 11
452 725 544 810 frgm.
572 729 630 790 183
664 721 768 812 ἐρινύς
798 745 995 810 quamquam
1027 723 1154 790 nonnisi
1184 722 1251 791 alia
1281 723 1385 790 forma
1414 723 1525 802 11111,

397 823 518 914 laevior
537 827 744 911 „caprificus“
762 832 819 906 est,
843 827 1067 906 1111111111,
1089 846 1187 909 quam
1202 826 1295 909 vulgo
1318 821 1423 914 ἐρινὸν
1443 825 1501 892 ha

396 931 450 996 bet
472 929 638 1014 (fructus),
661 929 774 994 ascivit
791 934 826 1006 ¹).
851 968 888 978 --
914 932 953 995 Iu
976 931 1068 1012 frgm.
1086 933 1147 993 916
1171 923 1305 1012 λίβανος
1329 926 1428 1008 „turis
1449 948 1501 993 ar·

396 1033 472 1098 bor“
496 1053 555 1116 pro
577 1026 758 1114 λιβανωτός
781 1036 872 1114 „tus“
896 1038 1086 1117 usurpatum
1108 1030 1207 1095 habes
1224 1033 1266 1113 2),
1297 1030 1384 1095 etin
1406 1029 1500 1114 frgm.

395 1140 475 1201 419:
505 1134 699 1217 adjectivum
721 1130 878 1222 ἑλαιήεις,
907 1136 998 1220 eujus
1019 1133 1151 1218 propria
1171 1133 1304 1198 visast:
1331 1133 1435 1216 „quod
1457 1132 1500 1197 ad

395 1237 514 1304 olivum
539 1237 715 1316 (arborem)
738 1239 916 1322 pertinet“,
941 1237 989 1303 vel
1014 1236 1126 1317 „olivis
1147 1237 1317 1312 vestitur,
1347 1235 1408 1300 hoc
1428 1256 1501 1302 sen·

395 1359 449 1404 su:
475 1339 637 1420 „oleosus“
662 1339 782 1406 dictum
805 1361 845 1406 ex
860 1340 1010 1422 analogia
1032 1339 1223 1404 substantivi
1245 1333 1339 1402 ἐλαία
1360 1344 1428 1403 tam
1450 1359 1501 1402 ar·

394 1439 504 1506 horem
520 1461 616 1528 quam
638 1441 779 1508 fructum
798 1440 1016 1524 significantis.
1061 1441 1249 1524 Comparari
1266 1439 1500 1523 quodammodo

394 1564 467 1608 oum
500 1533 551 1607 hi'n
582 1543 735 1627 exemplis
765 1550 871 1628 potest
899 1539 985 1626 μύξα
1008 1544 1153 1628 (pituita)
1181 1543 1215 1607 in
1246 1543 1338 1627 irgm.
1361 1548 1412 1622 81,
1436 1545 1500 1623 3³)

394 1667 452 1732 pro
473 1640 597 1733 μυκτήρ
619 1653 741 1727 (uaros)
764 1645 901 1726 dictum,
935 1646 1012 1730 quia
1035 1644 1194 1729 quaedam
1216 1646 1336 1730 pituita
1358 1645 1391 1709 in
1414 1645 1501 1710 nari·

394 1748 453 1813 hus
476 1748 664 1813 animalium
686 1750 797 1816 oritur.
824 1785 861 1796 -
885 1748 935 1814 Ab
956 1767 1017 1814 usu
1039 1747 1186 1814 notiones
1204 1747 1358 1814 ¹arborum
1380 1747 1500 1812 11111-

395 1857 503 1916 ctuum
524 1851 559 1916 11
580 1872 646 1918 una
667 1873 742 1917 voce
765 1850 983 1934 conjungendi
1003 1850 1065 1916 levi
1088 1854 1214 1914 tantum
1234 1850 1417 1917 discrimine
1440 1849 1501 1916 dif-

394 1951 458 2018 1111
479 1953 714 2022 substantivum
735 1949 878 2036 μέλισσα
900 1973 995 2016 11111
1015 1950 1159 2032 „mellis“
1187 1958 1376 2036 usurpatum
1405 1953 1438 2018 in
1461 1952 1498 2018 Ο.

394 2054 429 2118 O.
454 2059 532 2130 481,
563 2054 618 2122 ubi
641 2054 784 2121 notanda
812 2060 861 2118 est
887 2075 964 2118 vera
990 2054 1181 2120 scholiastae
1203 2054 1391 2138 explicatio:
1428 2047 1500 2122 atat

393 2152 453 2241 γὰρ
474 2160 534 2221 τοῦ
555 2160 733 2236 ποιοῦντος
753 2151 791 2222 τὸ
813 2152 1026 2237 ποιουμένον,
1052 2157 1195 2239 ejusdem
1217 2156 1318 2224 alium
1333 2156 1500 2242 Sophoclis

394 2261 563 2339 11111114)
586 2259 677 2326 uobis
701 2279 858 2343 nusquam
881 2264 1043 2325 servatum
1065 2258 1284 2335 1111111115).
1329 2259 1500 2326 Schneide-

394 2361 495 2434 wiuus
516 2360 597 2426 bene
619 2366 786 2445 comparat
814 2355 936 2447 χελώνη
968 2362 1159 2441 „testudinis
1179 2367 1353 2446 putameu“
1377 2367 1411 2428 ot
1434 2368 1499 2443 „te-

393 2462 508 2528 studo“
526 2462 625 2547 (apud
636 2463 826 2545 Philonem),
849 2457 959 2548 1111111
977 2468 1140 2547 „gemma“
1158 2465 1257 2548 (apud
1269 2464 1499 2532 Philostratum

393 2565 509 2649 imagg.
541 2587 572 2649 p.
596 2571 673 2645 7703
712 2565 785 2631 aliis
817 2565 894 2632 locis
926 2587 1043 2632 nomen
1072 2565 1237 2650 proprium
1265 2570 1342 2647 est),
1380 2562 1500 2654 ἐλέφας

396 2665 564 2751 „elephas“
590 2669 624 2748 (1.
638 2689 664 2734 1.
690 2668 908 2751 „Elephaut“)
932 2666 1019 2751 apud
1034 2668 1171 2751 primum
1188 2668 1389 2734 Herodotum
1404 2668 1498 2752 sigui·

394 2769 502 2836 11111.
526 2807 565 2818 ·--
603 2771 692 2836 Haec
714 2769 883 2835 translatio
906 2790 946 2832 ea
967 2791 1002 2834 re
1022 2769 1218 2854 explicatur,
1241 2771 1326 2854 quod
1348 2771 1498 2836 arborum

393 2872 524 2936 illarum
553 2871 613 2939 soli
641 2873 764 2938 fructus
793 2873 878 2957 apud
909 2872 1052 2938 homines
1073 2873 1107 2936 in
1130 2873 1234 2957 pretio
1256 2878 1347 2952 sunt,
1383 2873 1497 2938 horum

394 2975 582 3040 animalium
604 2981 731 3040 tantum
754 2975 840 3059 quod
862 2997 901 3039 ex
924 2974 1065 3058 corporis
1085 2981 1179 3059 parte
1201 2981 1363 3060 sumptum
1385 2977 1420 3042 11
1441 2976 1500 3041 hu·

335 3061 341 3072 ’
394 3097 508 3142 manos
529 3097 606 3141 usus
627 3077 760 3160 cogitur.

481 3177 630 3243 Efficiens
662 3201 720 3265 pro
749 3178 861 3244 effecto
892 3180 1064 3265 significari
1094 3184 1189 3247 verbo
1219 3174 1314 3269 αἴγλη
1344 3181 1377 3245 11
1401 3180 1437 3247 0.
1461 3181 1498 3246 R.

397 3285 457 3345 207
481 3295 576 3346 sensu
598 3281 677 3346 facis
698 3290 851 3366 usurpato
864 3285 893 3366 ⁶)
916 3291 949 3348 et
970 3282 1124 3348 vocabulo
1139 3281 1229 3370 βέλη,
1252 3283 1337 3368 quod
1359 3284 1393 3348 in
1415 3283 1497 3349 Phil.

399 3387 472 3460 198,
495 3387 532 3450 ut
553 3404 593 3448 ex
614 3383 709 3464 verbo
730 3387 835 3452 τεῖναι
856 3385 963 3470 colligi
985 3393 1092 3472 potest
1109 3389 1151 3467 ⁷),
1176 3391 1307 3468 „erous“
1331 3386 1499 3473 significat,

394 3485 533 3552 libenter
555 3484 717 3552 concedes,

397 3683 601 3694 *-

450 3806 472 3870 l)
508 3805 663 3862 Verborum
681 3806 819 3859 sententia
832 3806 899 3859 haec
912 3810 969 3859 est:
990 3807 1066 3878 „ipse
1083 3807 1215 3876 insipiens
1227 3808 1295 3862 alios
1309 3823 1434 3863 sermone
1451 3813 1500 3865 tuo

395 3894 532 3963 sapientes
550 3893 666 3947 reddere
684 3892 804 3946 studes.“

450 3981 473 4042 ²)
510 3979 629 4035 Lobeok.
647 3979 682 4033 ad
700 3979 887 4048 Phrynichum
902 3998 931 4049 p.
953 3981 1012 4035 187.

448 4067 472 4138 ³)
507 4067 606 4122 Pollux
622 4066 657 4135 II,
676 4065 718 4119 71.

448 4156 473 4226 4)
508 4155 590 4226 frgm.
610 4155 670 4210 160.

450 4242 474 4313 ⁵)
509 4243 605 4312 Reisig
620 4241 701 4296 initio
719 4245 838 4296 enarrat.
853 4241 882 4296 in
901 4239 932 4297 0.
950 4241 978 4295 Ο.

450 4331 473 4394 ⁶)
509 4329 545 4384 cf.
563 4329 776 4397 Spannhemium
794 4330 830 4383 ad
848 4329 1009 4384 Callimachi
1025 4330 1158 4398 hymnum
1176 4329 1205 4382 iu
1222 4329 1341 4385 Dianam
1357 4349 1383 4385 v.
1404 4334 1445 4387 ll.

450 4417 473 4485 t)
508 4416 571 4472 Non
593 4415 697 4470 sufficit
720 4417 836 4486 dixisse,
860 4420 971 4486 potitam
996 4416 1282 4487 ,11111111111111111ιι
1303 4418 1428 4488 posuimo
1449 4436 1500 4488 pro
