3600 5334
840 607 880 668 55

313 790 382 871 bae,
406 791 497 874 cujus
519 791 626 856 animo
642 791 727 874 quod
743 811 836 874 saepe
853 792 976 874 legerat
997 786 1113 868 πάθος
1134 787 1251 857 πεύσει
1272 791 1418 858 obversa·

313 893 424 971 batur,
462 895 599 977 speciem
629 915 706 978 prae
736 915 769 956 se
799 891 870 956 fert.
932 893 1055 957 Deinde
1077 915 1140 976 quo
1162 896 1240 960 vitio
1261 891 1362 981 βάρος
1382 897 1417 960 in

312 1001 435 1060 textum
458 996 622 1080 irrepserit
643 997 696 1059 rix
717 994 922 1076 intelligitur3
952 996 1036 1079 quod
1060 997 1144 1061 enim
1168 997 1342 1080 Seyffertus
1365 1019 1418 1062 vo

312 1117 380 1160 cern
402 1097 492 1160 illam
519 1119 536 1160 e
564 1118 657 1161 versu
682 1101 743 1161 209
767 1103 928 1180 sumptam
950 1119 1019 1162 esse.
1041 1100 1202 1181 opinatur,
1224 1102 1326 1183 possit
1349 1102 1418 1184 qui·

312 1199 383 1262 dem
408 1203 592 1282 conjectura
614 1201 689 1264 iude
712 1205 783 1264 orta
807 1219 883 1278 esse,
907 1200 961 1263 sed
984 1201 1010 1263 si
1031 1196 1148 1286 βάρος,
1186 1208 1223 1266 ut
1243 1201 1418 1285 Seyffertus

311 1307 414 1384 putat,
437 1303 469 1365 in
486 1322 579 1366 versu
591 1306 651 1366 209
676 1322 738 1366 non
760 1307 846 1366 recte
869 1321 937 1365 sese
959 1301 1066 1382 habet,
1090 1302 1262 1368 verisimile
1283 1311 1341 1384 est,
1364 1326 1416 1369 vo·

312 1424 379 1467 cem
402 1425 440 1467 ex
463 1404 523 1468 hoc
545 1425 638 1469 versu
660 1403 736 1467 illuc
758 1404 938 1487 irrepsisse,
968 1405 1016 1469 sin
1038 1427 1114 1469 vera
1136 1407 1230 1470 lectio
1251 1406 1296 1470 ibi
1317 1403 1418 1492 βάρος

311 1511 374 1584 est,
408 1507 493 1589 quod
516 1528 573 1590 ego
596 1511 690 1589 puto,
722 1506 796 1589 plus
817 1504 892 1569 fidei
915 1505 1013 1570 habet
1035 1513 1191 1588 statuere,
1228 1507 1417 1592 Sophoclem

310 1610 395 1673 idem
416 1608 465 1673 bis
487 1608 676 1672 vocabulum
699 1627 854 1691 usurpare
876 1608 1022 1688 voluisse,
1045 1630 1141 1691 quam
1165 1610 1301 1674 scribam
1324 1610 1417 1675 facile

310 1711 391 1776 illud
419 1710 585 1776 intellectu
607 1704 723 1785 πάθος
751 1711 925 1773 correxisse
953 1718 985 1773 et
1006 1707 1108 1796 βάρος
1129 1712 1162 1775 in
1185 1718 1308 1777 textum
1331 1715 1416 1777 intu-

310 1813 393 1877 lisse.
439 1814 583 1896 Denique
605 1813 778 1876 admodum
793 1813 900 1896 placet
921 1808 1023 1898 βάρος
1043 1815 1091 1878 ita
1111 1813 1303 1897 aSoplrocle
1325 1836 1416 1880 usur-

310 1923 431 2000 patum,
464 1923 573 1980 utres
596 1916 702 1998 gravis
725 1935 877 2004 perpessu
900 1915 1109 2000 intelligatur.
1155 1917 1217 1982 Sed
1240 1918 1320 1983 haec
1341 1919 1417 1984 hac-

310 2026 413 2083 tenus.

809 2183 835 2266 ς.
863 2185 911 2246 13.

394 2321 507 2384 Restat
529 2327 565 2385 ut·
587 2321 733 2404 exempla
753 2320 896 2400 afferam,
920 2321 1035 2403 quibus
1057 2324 1283 2388 nonnullorum
1306 2324 1415 2390 uerbo·

309 2445 380 2488 rum
402 2425 465 2486 vim
488 2425 520 2487 in
543 2444 614 2486 eam
636 2424 764 2503 mutari,
787 2430 824 2488 ut
847 2423 994 2488 faciendo
1018 2423 1060 2502 id,
1087 2425 1172 2507 quod
1188 2427 1320 2490 verbum
1342 2449 1415 2510 pro·

308 2525 555 2611 priesignificat,
578 2525 699 2590 efficere
712 2526 835 2610 aliquid
851 2525 1040 2608 significent,
1057 2529 1288 2610 comprobetur.
1320 2529 1415 2594 Prae·

309 2635 358 2691 sto
381 2635 456 2692 sunt
477 2629 572 2692 haec:
598 2631 672 2691 Ant.
691 2633 767 2692 794:
791 2622 967 2713 ταράσσειν
979 2629 1086 2705 νεῖκος
1100 2630 1259 2695 turbando
1282 2631 1414 2712 efficere,

308 2732 468 2796 concitare
484 2731 597 2809 rixam,
621 2751 757 2813 quocum
772 2731 798 2794 si
809 2731 999 2794 Latinorum
1010 2731 1236 2797 vocabulorum
1253 2732 1413 2814 „turbare

308 2834 475 2897 turbat0r“
501 2851 576 2896 usus
599 2839 804 2915 comparatur
820 2837 856 2914 ¹),
880 2832 1063 2897 addendum
1086 2841 1143 2913 est,
1174 2855 1210 2898 eo
1233 2835 1413 2901 discrimine

308 2936 394 3000 hunc
415 2957 435 2998 a
458 2934 632 3017 Sophocleo
655 2935 784 3014 distare,
808 2936 892 3019 quod
915 2935 1046 3000 verbum
1070 2936 1231 3014 Latinum,
1255 2938 1282 3001 si
1305 2939 1344 3002 de
1366 2961 1413 3002 se-

310 3039 431 3104 ditione
453 3043 628 3121 usurpatur
645 3039 688 3118 2),
718 3037 823 3120 ipsum
845 3038 878 3101 in
901 3057 973 3102 eam
996 3039 1059 3101 vim
1083 3039 1285 3120 transfertur,
1316 3029 1413 3123 quam

308 3141 464 3204 Graecum
485 3135 661 3225 ταράσσειν
684 3139 793 3203 addito
817 3140 944 3204 demum
967 3141 1148 3205 accusativo
1170 3142 1286 3224 objecti
1308 3145 1414 3220 νεῖκος

203 3277 208 3288 ·
309 3245 433 3328 accipit.
457 3280 497 3292 ·-
537 3247 609 3305 Ant.
633 3246 712 3305 675:
746 3237 981 3328 καταρρήγνυσι
1008 3237 1136 3328 τροπάς
1151 3245 1197 3323 ³),
1236 3245 1309 3309 Ant.
1333 3250 1411 3311 973:

307 3341 439 3433 τοφλάω
461 3341 554 3421 ἕλκος
575 3343 735 3407 caecando
758 3343 858 3408 efficio
881 3347 997 3410 vulnus
1008 3349 1045 3425 ⁴).
1091 3345 1251 3410 Sermonis
1273 3348 1412 3431 quadam

307 3449 507 3514 abundantia
534 3447 574 3511 ad
604 3442 698 3523 ἕλκος
724 3446 941 3530 praedicative
970 3440 1074 3511 άλαὸο
1096 3447 1235 3513 additur.
1259 3487 1299 3496 -
1338 3454 1410 3514 Ant.

311 3556 407 3616 1345:
435 3546 477 3613 τὰ
499 3542 527 3614 d'
549 3545 608 3616 ἐπὶ
629 3544 724 3635 κρατί
743 3572 802 3631 μοι
823 3545 953 3632 πότμος
975 3543 1129 3636 εἰσήλατο
1151 3551 1172 3613 i.
1191 3572 1218 3614 e.
1243 3552 1411 3617 insiliendo

307 3652 430 3731 effecit,
459 3652 587 3731 attulit,
615 3654 664 3718 vel
689 3653 864 3732 ,inruenda
886 3653 1036 3717 aduexit“
1056 3657 1094 3734 ⁵).
1118 3689 1159 3700 —-
1196 3653 1309 3718 Traoh.
1333 3659 1410 3718 355:

307 3750 467 3838 αἰχμάσαι
487 3750 583 3834 τάδε,
623 3775 705 3837 quae
732 3775 790 3838 ego
818 3756 945 3854 quidem
969 3756 1182 3840 interpretor:
1221 3755 1411 3839 „jaculando
1520 3751 1523 3756 ’

362 3968 384 4034 1)
419 3965 576 4020 Ellendtius
599 3964 793 4018 Ruhnkenium
823 3964 851 4017 in
881 3963 968 4032 praef.
999 3966 1035 4018 ad
1065 3962 1198 4018 Schelleri
1223 3961 1277 4016 lex.
1307 3979 1333 4030 p.
1347 3963 1412 4018 XIV

306 4055 378 4108 adiri
392 4053 480 4122 jubet.

361 4142 384 4210 ²)
421 4140 541 4194 Maxime
559 4140 632 4207 apud
650 4141 777 4193 'scortum
795 4140 960 4194 vocabulum
978 4138 1050 4190 hanc
1069 4136 1299 4206 significationem
1317 4138 1408 4190 habet.

307 4228 342 4285 cf.
361 4227 483 4282 Botrioh.
501 4227 530 4280 in
548 4227 600 4279 lex.
619 4227 683 4281 Tac.
705 4245 732 4295 p.
745 4227 806 4279 471.

361 4316 385 4384 ³)
420 4315 456 4369 cl.
475 4314 544 4385 §.11
574 4332 600 4382 p.
613 4316 656 4367 ts.

359 4405 383 4473 ⁴)
418 4403 510 4457 Possit
528 4403 612 4454 etiam
629 4402 663 4455 de
681 4399 850 4470 amplificata
869 4399 958 4468 figura
976 4399 1159 4468 etymologica
1176 4398 1301 4467 cogitari.

362 4492 385 4556 ⁵)
419 4489 557 4544 Erfurdtii
574 4489 665 4544 verba.
