3600 5334
945 605 986 665 42

415 784 557 878 στροφαὶ
581 791 669 873 „agri
690 788 820 873 paeoni“
846 785 1203 870 Aristoph.Ran.1383
1226 791 1259 850 et
1274 785 1409 870 Hesyoh.
1433 807 1457 851 s.
1474 807 1516 865 v.‚

413 897 448 960 et
469 887 567 978 λαβή,
599 912 664 975 qua
690 909 765 956 voce
799 911 932 971 „manus
954 888 1138 973 porrigendi
1160 888 1263 953 actio“
1287 894 1320 952 et
1344 887 1514 973 „capulus“

414 995 584 1062 indicatur.
607 1031 647 1043 -
678 992 792 1060 Effeoti
814 994 903 1057 notio
932 991 1051 1054 transit
1078 991 1111 1054 in
1140 989 1202 1054 loci
1223 991 1278 1054 ubi
1301 990 1439 1056 efficitur
1462 1011 1517 1056 no·

414 1099 534 1162 tionem
555 1097 588 1161 in
610 1095 765 1162 vocabulo
787 1090 964 1176 παίδευμα,
987 1093 1039 1158 cui
1061 1093 1093 1157 in
1116 1091 1208 1175 frgm.
1231 1097 1334 1173 teos
1356 1095 1404 1159 uis
1427 1092 1517 1158 soho

414 1199 465 1266 lae
487 1199 632 1283 subjecta
653 1204 702 1264 est
719 1199 757 1282 ¹).
802 1197 923 1263 Eodem
945 1196 1012 1260 fere
1026 1195 1136 1275 modo,
1158 1196 1220 1260 nisi
1243 1195 1325 1260 forte
1346 1195 1517 1260 audaciore

414 1301 614 1386 Thucydides
635 1300 727 1365 initio
750 1321 818 1384 cap.
842 1305 880 1363 41
906 1298 979 1363 libri
1002 1298 1034 1362 Il
1056 1299 1149 1363 dicit:
1178 1293 1237 1385 τὴν
1257 1319 1294 1362 τε
1315 1300 1428 1361 πᾶσαν
1450 1292 1516 1361 πό-

414 1404 466 1470 λιν
489 1407 548 1491 τῆς
565 1397 721 1480 Ἑλλάδος
742 1397 916 1466 παίδευσιν
944 1393 1028 1466 εἶναι
1044 1402 1082 1476 ²).
1127 1400 1263 1466 Omnino
1285 1399 1399 1465 Graeci
1428 1406 1518 1465 certa

413 1508 485 1572 looa
507 1528 571 1570 nou
593 1505 730 1590 propriis
752 1503 914 1569 vocabulis
936 1504 1119 1588 designant,
1149 1502 1204 1567 sed
1227 1502 1298 1568 fora
1319 1502 1437 1587 plurali
1459 1525 1517 1566 nn-

414 1630 503 1674 mero
524 1607 809 1688 substantivorum,
840 1607 957 1691 quibus
984 1627 1036 1671 res
1062 1604 1247 1670 vendendae
1277 1604 1517 1689 significanturg

414 1717 452 1776 ut
474 1705 571 1792 ἰχθῦς
594 1709 717 1790 „iorum
744 1710 984 1796 piscatorinm“‚
1020 1703 1135 1792 βίβλια
1166 1707 1289 1788 ,forum
1319 1707 1518 1787 librarinm“,

414 1806 508 1900 ὄρνεα
531 1813 655 1894 „iorum
677 1812 853 1877 aviarium“
884 1811 992 1892 (venia
1018 1812 1060 1875 sit
1087 1812 1197 1890 verbo)
1229 1809 1426 1894 significant3
1463 1830 1519 1874 ne·

415 1938 477 2001 que
498 1915 592 1980 aliter
613 1921 834 1999 comparatum
863 1919 913 1979 est
939 1908 1045 2000 ταφαί
1066 1913 1171 1978 locum
1192 1912 1357 1979 funeribus
1378 1912 1518 1976 destina-

414 2023 484 2083 tum
506 2018 653 2082 indicans
674 2018 707 2082 in
732 2017 891 2101 Aristoph.
914 2016 996 2080 Rau.
1019 2020 1093 2080 423.

921 2239 948 2324 y.
974 2241 1023 2303 10.

501 2405 529 2469 A
551 2403 713 2488 proposito
735 2401 868 2487 paulum
888 2402 1050 2485 digressus
1078 2407 1115 2466 ut
1135 2402 1279 2483 redeam,
1308 2404 1453 2469 notiones
1474 2406 1520 2470 ef·
1662 2320 1669 2517 λ

414 2507 552 2572 ficientis
573 2512 607 2571 et
626 2503 745 2583 effecti,
783 2527 863 2593 quas
886 2506 1005 2569 mutari
1027 2505 1061 2568 in
1083 2504 1228 2585 vocibus,
1265 2527 1401 2590 quarum
1431 2513 1519 2591 pote·

414 2617 481 2674 stas
502 2610 536 2674 in
559 2613 709 2674 externas
730 2629 781 2674 res
803 2607 897 2688 valet,
922 2607 1127 2686 ostendimus,
1152 2608 1177 2672 si
1199 2628 1320 2687 rerum,
1344 2631 1427 2694 qnae
1449 2632 1518 2675 sen-

414 2712 501 2778 sibus
516 2733 581 2777 non
596 2711 831 2796 percipiuntur,
856 2711 1014 2775 rationem
1030 2704 1217 2789 habeamus,
1239 2711 1423 2777 notionibus
1444 2734 1516 2776 oau-

414 2836 468 2908 suae
491 2822 524 2880 et
543 2814 675 2880 effectus
696 2813 907 2897 respondent;
944 2834 1065 2896 eaeque
1091 2813 1218 2896 quoties
1244 2833 1265 2876 a
1287 2813 1443 2898 Sophocle
1465 2835 1516 2877 ra-

414 2918 555 2996 rientur,
582 2917 651 3000 jam
675 2901 749 2979 'sum
775 2922 1009 2999 persecuturus.
1056 2917 1093 2980 ln
1115 2916 1164 2980 El.
1188 2921 1250 2980 236
1272 2912 1413 3004 κακότης
1434 2917 1518 2982 idem

414 3021 480 3085 iere
513 3017 674 3103 significat
705 3018 789 3101 quod
820 3013 863 3082 τὰ
891 3015 984 3081 κακὰ.
1029 3017 1068 3082 cf.
1092 3018 1220 3082 Hesiod.
1251 3018 1309 3103 Op.
1340 3025 1374 3084 et
1403 3017 1441 3082 D.
1466 3023 1516 3084 93.

414 3122 490 3186 Her.
514 3121 556 3200 II,
583 3125 651 3185 128.
690 3119 786 3204 Soph.
811 3119 847 3185 Ο.
872 3120 907 3186 0.
932 3120 1051 3205 521³).
1076 3157 1115 3169 —
1146 3123 1252 3200 νεῖκος
1280 3123 1315 3186 in
1337 3121 1374 3187 Ο.
1393 3122 1431 3185 R.
1455 3125 1516 3185 702

415 3244 545 3289 causam
568 3224 658 3288 rixae
678 3224 801 3288 indicat
816 3226 857 3305 4),
895 3229 933 3288 ut
954 3223 1040 3307 apud
1065 3223 1256 3307 Aeschylum
1277 3224 1311 3289 in
1334 3226 1392 3308 Ag.
1419 3225 1516 3289 1101:

415 3321 449 3392 τί
470 3321 547 3392 τόδε
568 3323 641 3391 νέον
662 3318 739 3407 ἰλχος
759 3326 843 3410 μέγα
863 3325 1053 3390 vocabulum
1069 3317 1146 3407 ὄχος
1166 3347 1247 3404 rem,
1270 3347 1354 3410 quae
1375 3348 1519 3392 moerore

416 3500 619 3513 μ

470 3619 492 3688 ¹)
528 3619 587 3673 Hoc
605 3617 634 3671 in
652 3633 735 3671 causa
752 3614 807 3670 fuit
824 3633 873 3670 our
890 3615 1033 3670 Nauokius
1061 3616 1112 3684 (De
1128 3615 1300 3686 tragicorum
1317 3615 1363 3669 Gr.
1381 3616 1520 3687 fragmen·

414 3708 451 3762 tis
469 3705 673 3763 observationes
691 3704 805 3760 criticae
823 3704 852 3758 in
869 3703 1028 3758 Jahresber.
1046 3704 1115 3757 iiber
1134 3704 1183 3757 das
1200 3703 1305 3773 kinigl.
1322 3703 1520 3758 Joaohimthal·

416 3795 481 3849 solue
500 3792 691 3863 Gymnasium,
719 3791 841 3846 Berolini
862 3793 929 3843 1855
947 3809 975 3860 p.
994 3792 1038 3859 33)
1062 3791 1249 3862 fragmentum
1266 3791 1394 3859 Sophocli
1413 3791 1520 3860 adjudi-

416 3885 500 3937 caret.
537 3881 640 3935 Ceteris
659 3897 781 3950 quoque,
810 3879 909 3948 quibus
927 3879 975 3931 ille
992 3878 1092 3932 nititur
1110 3878 1293 3949 argumentis,
1324 3880 1464 3932 auctorem
1483 3879 1519 3933 sd

415 3968 605 4040 praecipiendi
621 3968 757 4022 rationem
776 3966 868 4021 delabi
896 3966 991 4020 dicens
1016 3971 1044 4019 et
1066 3983 1201 4036 quemque
1218 3983 1327 4020 versum
1354 3969 1386 4019 12
1405 3967 1520 4037 syllabis

242 4123 245 4130 Ι
296 4115 310 4124 ἡ
416 4057 544 4121 formari,
578 4073 634 4111 non
661 4055 796 4123 adducor,
835 4056 867 4108 ut
900 4053 1087 4123 fragmentum
1117 4071 1173 4107 non
1206 4053 1348 4122 Sophoclis
1375 4073 1435 4109 esse
1463 4056 1520 4109 exi·

414 4149 532 4202 stimem.

470 4235 493 4304 ²)
529 4232 564 4288 of.
576 4230 711 4301 Kruegsri
729 4231 852 4285 adnotat.
871 4232 900 4283 et
912 4229 1063 4298 Sauppium
1082 4231 1117 4285 ad
1135 4230 1176 4283 ibi
1193 4233 1435 4284 commemoratum
1454 4231 1520 4284 Pro·

415 4327 529 4394 tagorae
545 4321 645 4374 locum.

470 4409 493 4476 3)
528 4407 664 4476 Exempla
680 4421 696 4457 a
714 4405 835 4474 Hauptio
852 4404 962 4459 collatu.

470 4496 493 4566 ⁴)
528 4496 645 4565 Propter
663 4493 895 4549 constructionem
915 4491 951 4547 ol.
968 4491 1039 4546 Phil.
1057 4493 1118 4545 828.
