3600 5334
818 587 856 648 21

287 775 426 842 maxime
449 772 537 838 valet
559 774 594 836 in
616 771 756 836 medium
778 793 886 854 genus,
909 773 994 856 quod
1017 774 1201 857 saepissime
1222 777 1393 844 admodum

287 878 349 942 levi
379 875 565 941 discrimine
594 875 634 940 ab
663 875 766 940 activo
790 875 983 940 discernitur
1003 882 1036 941 et
1057 877 1164 956 nobis,
1201 883 1239 943 ut
1259 901 1395 964 quorum

287 980 397 1062 lingua
420 999 457 1044 eo
478 997 592 1061 genere
614 983 739 1056 careat,
761 977 858 1042 alieni
880 978 1069 1062 obscurique
1092 980 1171 1063 quid
1191 980 1318 1047 videtur
1338 983 1395 1050 ha·

288 1082 371 1147 bere.
416 1081 475 1144 His
504 1081 536 1144 in
567 1079 752 1144 universum
775 1081 961 1164 praemissis
982 1063 1130 1166 exempla
1150 1085 1394 1150 consideremus.

289 1186 327 1250 ln
348 1184 396 1248 El.
419 1188 500 1249 1384
523 1179 723 1268 προνέμεται
744 1182 876 1247 verbum
899 1184 1006 1249 media
1031 1184 1136 1249 forma
1152 1185 1216 1250 alio
1237 1185 1308 1252 loco
1331 1209 1394 1252 non

287 1288 408 1353 dictum
430 1286 557 1351 videtur
579 1285 776 1369 significare:
802 1286 1043 1370 ,progreditur,
1066 1287 1087 1350 i.
1110 1307 1137 1352 e.
1160 1288 1338 1371 profertur,
1361 1310 1395 1354 se

286 1389 447 1476 profert“,
480 1395 517 1454 ut
539 1389 663 1454 activae
685 1387 807 1453 formae
831 1388 895 1453 vim
918 1389 1103 1472 proferendi
1125 1391 1261 1473 subjecit
1282 1392 1394 1456 Aesch.

286 1495 321 1558 in
343 1494 434 1557 Eum.
460 1497 540 1556 313:
564 1487 717 1575 καθαρὰς
738 1493 847 1578 χεῖρας
869 1490 1075 1577 πρανέμοννα
1094 1497 1128 1575 ¹).
1173 1493 1260 1558 1110.
1278 1494 1315 1557 R.
1333 1497 1394 1558 685

290 1617 351 1660 vox
373 1591 646 1682 προπονουμὲνας
667 1593 811 1658 notanda
833 1599 966 1658 estnon
989 1595 1083 1658 medo
1105 1600 1236 1679 propter
1257 1596 1396 1661 mediam

288 1698 440 1775 sormam,
473 1697 564 1779 cujus
586 1717 685 1760 unum
709 1695 891 1779 exemplum
914 1702 1043 1780 praeter
1065 1697 1125 1762 hoc
1147 1698 1243 1781 idque
1264 1719 1304 1762 ex
1325 1697 1396 1764 Sto·

288 1801 366 1866 baec
389 1803 551 1883 sumptum
573 1798 744 1864 Passovius
765 1799 800 1862 in
822 1797 883 1862 lex.
908 1798 961 1862 Gr.
986 1797 1097 1879 affert,
1125 1801 1181 1864 sed
1203 1801 1301 1865 etiam
1323 1822 1396 1885 prc-

287 1909 359 1989 pter
386 1902 654 1984 praepositionem
688 1923 755 1988 προ
784 1901 880 1966 verbo
903 1902 1014 1966 πονέω
1035 1901 1234 1986 copulatam,
1271 1902 1309 1967 de
1332 1922 1397 1985 qua

287 2004 564 2070 Schneidewinum
593 2004 762 2070 audiamus
789 2004 1025 2089 disputantem:
1066 2002 1279 2084 ,versttirlrtes
1307 2025 1394 2084 πον,

287 2107 415 2172 weitin
439 2106 525 2172 Noth
548 2106 702 2190 gediehen
727 2108 812 2186 sein,
837 2107 894 2170 wie
919 2103 1224 2192 προδιδάσκεσθαι,
1246 2130 1397 2194 προμαν-

288 2205 421 2275 θάνεινιί
441 2212 478 2289 2).
523 2210 642 2274 Vereor
665 2230 705 2273 ne
729 2210 776 2273 vir
800 2209 912 2273 doctus
933 2211 1184 2293 comparaverit,
1216 2230 1298 2293 quae
1321 2218 1397 2276 sunt

287 2313 470 2393 dissimilia3
495 2333 570 2377 nam
587 2307 824 2396 προδιδάσκειν
839 2310 1019 2394 significare
1037 2314 1103 2390 „ita
1117 2311 1257 2395 aliquem
1273 2312 1397 2393 docere,

286 2423 323 2481 ut
345 2416 569 2500 progrediatur
591 2416 623 2479 in
646 2415 817 2480 discendo“
840 2420 874 2479 et
898 2409 1149 2498 προμανθάνειν
1170 2415 1237 2493 „ita
1257 2417 1397 2500 aliquem

288 2519 418 2598 discere,
441 2523 478 2582 ut
492 2517 659 2601 proficiat“
673 2521 711 2599 3),
733 2518 935 2602 intelligitur,
958 2517 1036 2600 quia
1051 2516 1209 2600 quaedam
1225 2519 1309 2583 actio
1324 2541 1396 2603 prc-

290 2618 438 2684 movendi
460 2620 493 2682 in
518 2619 584 2683 illis
604 2621 708 2685 verbis
732 2621 831 2701 inest3
870 2621 925 2685 sed
949 2617 1180 2706 προπονέομαι
1201 2642 1273 2684 cnm
1295 2621 1396 2687 solam

288 2721 505 2786 conditionem
527 2721 655 2801 indicet,
678 2743 715 2787 eo
738 2744 842 2801 sensu,
864 2744 928 2807 quo
950 2723 1021 2787 vult
1042 2722 1309 2803 Schneidewinns,
1332 2746 1396 2790 non

287 2824 390 2907 magis
412 2823 534 2889 dictum
556 2845 624 2889 esse
646 2830 768 2909 potest,
800 2847 897 2910 quam
918 2820 1114 2910 προπάσχω.
1160 2824 1242 2904 Quid
1265 2826 1396 2892 tandem

288 2927 369 2992 illud
391 2946 457 3012 προ
479 2927 512 2991 in
536 2948 679 3013 προπον.
702 2928 762 2994 sibi
784 2930 877 3009 velit,
907 2929 1061 2994 confiteor
1082 2949 1133 2993 me
1156 2928 1326 3012 cogitando
1348 2931 1397 2994 in·

287 3030 395 3096 venire
418 3030 539 3095 frustra
561 3032 717 3113 conant).
763 3034 801 3098 In
818 3032 927 3116 Ajacis
943 3055 971 3096 v.
989 3037 1040 3112 32,
1063 3032 1117 3096 ubi
1132 3030 1212 3096 haec
1226 3033 1395 3116 leguntur:

417 3129 488 3197 κατ’
508 3126 598 3214 ἰ’χνος
618 3125 720 3221 ᾄσσω,
744 3132 800 3199 καὶ
822 3132 863 3199 τὰ
884 3134 946 3218 μὲν
967 3130 1167 3222 σημαίνομαι

417 3229 458 3297 τὰ
482 3230 510 3299 ‹l'
532 3233 773 3324 ἐκπέπληγμαι,

289 3336 345 3418 qui
367 3331 567 3421 σημαίναμαι
589 3341 729 3405 medium
752 3346 870 3425 putant
892 3361 970 3418 esse,
992 3339 1053 3405 hoo
1075 3360 1170 3404 sensu
1185 3343 1393 3423 usurpatum:

290 3436 402 3520 „signa
423 3438 456 3501 in
478 3460 584 3504 meum
606 3463 698 3506 usum
721 3442 854 3525 colligc“
873 3447 912 3523 ⁵),
935 3465 1011 3507 uum
1034 3463 1143 3507 verum
1166 3442 1313 3521 viderint,
1337 3443 1395 3507 du·

288 3540 373 3620 bito,
396 3563 469 3606 cum
491 3541 595 3606 verbis
615 3539 657 3605 τὰ
678 3542 738 3624 μὲν
760 3540 961 3630 σημαίναμαι
984 3545 1101 3629 opponi
1124 3545 1204 3610 haec
1224 3540 1267 3608 τὰ
1289 3538 1318 3608 δ’
1339 3541 1394 3608 ἐκ·

289 3641 484 3730 πέπληγμαι
507 3665 630 3708 mecum
652 3647 884 3729 reputaverim,
918 3652 1041 3711 utnon
1063 3647 1235 3712 verisimile
1257 3646 1394 3711 habeam

361 3857 381 3924 ¹)
415 3857 492 3912 Haec
516 3855 664 3924 explicatio
682 3873 698 3908 a
716 3854 754 3909 M.
773 3853 894 3924 Hauptio
912 3855 942 3908 in
963 3854 1095 3922 lectione,
1125 3872 1209 3924 quam
1234 3857 1270 3910 de
1292 3855 1395 3925 Sopho-

289 3945 339 4000 clis
358 3945 471 4000 Electra
488 3943 593 4012 habuit,
613 3943 757 4013 proposita
774 3947 825 3998 est.

359 4034 381 4101 ²)
417 4033 523 4087 Bonita.
541 4032 572 4086 B.
592 4030 618 4084 d.
636 4031 670 4084 K·
691 4030 725 4086 A.
743 4048 771 4099 p.
787 4032 918 4084 ors-20.

359 4120 383 4192 ³)
420 4118 836 4188 cf.InterpretesadAj.163.
877 4118 957 4174 Solus
980 4117 1129 4188 Seyffertus
1151 4117 1191 4173 ibi
1214 4117 1394 4187 praepositio·

287 4227 351 4266 nem
370 4208 452 4263 aliter
470 4206 599 4276 explicat.

358 4297 381 4366 ⁴)
416 4294 580 4366 Sophoclem
596 4291 681 4348 verba
700 4309 762 4347 curn
781 4291 1032 4363 praepositionibus
1050 4309 1214 4363 componere
1233 4309 1334 4361 amare,
1352 4293 1393 4348 in·

287 4386 331 4441 fra
350 4387 503 4455 exponetur
520 4383 544 4455 ξ.
566 4383 607 4436 14.

357 4473 380 4542 ⁵)
415 4472 460 4527 Sic
479 4469 645 4525 Ellendtiur.
680 4469 814 4539 Compora
831 4486 940 4540 quoque
956 4469 1135 4526 Iacbeckium.
