3600 5334
924 586 966 648 24

902 875 929 958 §-
953 877 982 938 s.

476 1013 617 1079 Transeo
647 1033 732 1078 nunc
761 1011 802 1077 ad
830 1013 963 1076 tertium
985 1011 1072 1076 verbi
1101 1032 1200 1095 genus
1229 1009 1497 1075 considerandum

392 1116 443 1181 vel
465 1117 506 1181 ad
530 1137 603 1181 oum
625 1136 735 1193 usum,
766 1135 828 1197 quo
851 1113 905 1193 fit,
938 1119 974 1178 ut
996 1113 1123 1197 passiva
1144 1114 1195 1178 vel
1216 1113 1423 1178 intransitiva
1443 1131 1497 1176 vo·

392 1219 580 1284 cabulorum
608 1219 656 1283 vis
686 1238 758 1280 cum
788 1217 894 1280 activa
922 1217 971 1281 vel
1003 1216 1173 1282 transitiva
1201 1221 1422 1280 commutetur.
1456 1257 1495 1267 -

393 1321 475 1386 Oum
505 1320 608 1384 multa
629 1319 727 1385 verba
748 1319 933 1398 transitiva,
971 1320 998 1383 si
1019 1320 1146 1402 passiva
1167 1319 1271 1383 forma
1292 1322 1496 1401 usurpentur,
1572 1325 1576 1328 ’

393 1425 457 1488 vim
479 1423 717 1488 intransitivum
739 1421 916 1505 accipiant,
948 1422 1036 1487 velut
1056 1417 1167 1486 κεύθω
1191 1421 1353 1501 „occulto“
1378 1418 1497 1501 signifi·

392 1533 457 1605 cat,
481 1520 645 1607 κτύθομαι
669 1524 805 1606 „late0“,
835 1523 962 1607 poetica
983 1525 1142 1606 quaedam
1163 1524 1294 1590 licentia
1314 1523 1348 1587 in
1371 1543 1408 1586 eo
1431 1543 1497 1585 cer-

392 1627 497 1707 nitur,
535 1627 621 1711 quod
644 1626 817 1711 Sophocles
843 1627 877 1690 in
907 1625 956 1707 Aj.
981 1631 1043 1691 730
1071 1627 1234 1710 passivum
1262 1626 1350 1692 verbi
1378 1623 1497 1689 διατε-

391 1726 616 1817 quadragenus
639 1737 733 1794 sensu
756 1749 881 1813 quoque
903 1729 1028 1812 passivo
1057 1730 1177 1794 dictum
1200 1727 1348 1807 admisit,
1386 1748 1497 1810 quam-

392 1853 490 1916 quam
511 1833 606 1916 vulgo
629 1832 834 1896 intransitive
857 1831 978 1896 dictum
1001 1832 1227 1896 transvehendi
1249 1831 1412 1896 notionem
1441 1830 1497 1894 ha-

391 1921 462 2014 be't3
486 1934 670 2018 significant
692 1934 777 1998 enim
799 1933 896 1999 verba
919 1928 1150 2022 διαπεραιώθη
1172 1930 1271 2023 ξίφηι
1293 1933 1407 1998 nudati
1423 1937 1498 1996 sunt

392 2037 491 2120 gladii
512 2043 548 2118 ¹).
582 2076 620 2085 —
666 2036 713 2100 De
735 2036 904 2101 verborum
927 2057 1041 2120 genere
1063 2041 1188 2122 passivo
1211 2058 1274 2102 non
1294 2037 1397 2101 habeo
1420 2034 1498 2119 quid

392 2139 530 2222 amplius
547 2139 661 2218 dicam,
685 2159 757 2203 cum
772 2140 953 2222 participia,
975 2161 1111 2222 quorum
1133 2146 1251 2204 natura
1267 2139 1498 2223 adjectivorum

392 2247 441 2306 est
463 2241 643 2321 simillima,
665 2241 832 2324 adjectivis
854 2242 1059 2306 adnumerari
1080 2242 1223 2326 placeat3
1253 2244 1299 2307 eis
1321 2247 1429 2307 autem
1451 2242 1497 2304 ita

393 2333 581 2429 Sophoclem
603 2345 660 2425 uti,
683 2351 721 2409 ut
743 2345 1011 2427 quemadmodum
1034 2346 1171 2409 activam
1185 2345 1250 2408 vim
1273 2346 1308 2409 in
1329 2345 1497 2429 passivam,

393 2447 439 2512 sic
460 2447 620 2532 passivam
642 2468 768 2530 quoque
791 2447 824 2510 in
847 2447 984 2511 activam
1007 2449 1159 2529 mutet2),
1179 2447 1248 2531 jam
1271 2467 1430 2530 exponere
1448 2467 1499 2510 ve·

392 2548 459 2614 lim.
504 2550 658 2615 Adscribe
682 2551 821 2634 primum
843 2550 923 2614 haec
945 2550 1107 2634 exempla:
1142 2555 1217 2614 Ant.
1242 2553 1322 2614 582:
1345 2541 1499 2634 ἄγευστος

397 2673 460 2717 non
494 2658 643 2735 gustans,
677 2657 756 2717 789:
795 2648 935 2740 φύξιμος
960 2654 1087 2736 fugiens
1101 2656 1147 2735 3),
1180 2657 1258 2717 831:
1296 2646 1504 2735 πάγκλαυτος

395 2754 488 2820 valde
511 2756 682 2820 lacrimans
706 2755 833 2839 (Trach.
857 2759 944 2835 652),
968 2755 1080 2820 Trach.
1105 2759 1185 2819 446:
1207 2748 1360 2836 μεμπτός
1379 2754 1502 2836 vitupe-

393 2877 488 2934 rans,
513 2862 590 2922 969:
615 2850 795 2944 dvaddrjcog
819 2858 931 2937 silens,
959 2862 1056 2922 1021:
1081 2851 1269 2932 λαθίττοτος
1290 2855 1444 2934 efficiens,
1465 2861 1502 2918 ut

395 2959 514 3024 doloris
530 2959 737 3024 obliviscatur
754 2958 879 3042 aliquis,
904 2962 979 3024 Ant.
996 2965 1075 3024 875:
1098 2952 1309 3043 αὐτόγνωτος,
1333 2957 1418 3042 quod
1433 2980 1502 3022 ver-

394 3061 471 3126 bum
497 3081 517 3125 a
539 3061 695 3145 Sophocle
724 3061 835 3126 fictum
865 3082 947 3138 non,
983 3067 1021 3125 ut
1050 3067 1288 3146 exspectamus,
1325 3059 1500 3144 significat:

396 3164 501 3246 ,quod
524 3185 542 3226 a
565 3165 688 3248 seipso
712 3165 921 3246 cognoscitur,
945 3169 1058 3247 sponte
1073 3164 1295 3247 intelligitur“,
1318 3164 1373 3228 sed
1392 3184 1502 3243 „suam

393 3265 494 3349 ipsius
517 3268 650 3331 sentiam
675 3270 870 3348 secutus“⁴).
917 3266 1060 3332 Similem
1084 3287 1152 3330 esse
1173 3266 1331 3331 rationem
1352 3264 1503 3346 adjectivi

392 3361 506 3449 ἀγνὼς,
530 3370 648 3454 quippe
671 3369 756 3452 quod
778 3368 873 3453 vulgo
896 3370 1066 3453 passivam,
1089 3367 1251 3434 interdum
1273 3368 1360 3452 apud
1381 3366 1502 3451 Sopho-

393 3469 475 3534 clem
505 3471 649 3555 aliosque
677 3473 789 3556 po'e'tas
817 3472 956 3536 activam
978 3474 1042 3537 vim
1063 3471 1199 3550 habeat,
1235 3471 1378 3535 velutin
1402 3469 1438 3534 Ο.
1462 3470 1499 3534 R.

394 3575 465 3651 678,
493 3577 590 3654 1133,
628 3580 768 3655 constat,
805 3575 898 3658 longe
929 3581 1038 3640 tamen
1068 3596 1088 3639 a
1116 3575 1241 3657 vulgari
1274 3572 1502 3638 consuetudine

393 3673 515 3742 recedit
542 3697 618 3742 usus
646 3678 789 3762 ejusdem
818 3679 970 3762 adjectivi
996 3679 1030 3742 in
1053 3677 1089 3741 Ο.
1113 3677 1151 3741 R.
1175 3681 1234 3741 681
1259 3697 1332 3741 cum
1354 3676 1502 3742 substan-

394 3845 598 3856 -——---—

433 3925 440 3938 ²
467 3938 488 4008 ¹)
524 3938 712 4009 Supplendum
735 3953 805 3991 essa:
836 3939 980 4008 utrinque,
1012 3939 1030 3992 i.
1054 3956 1077 3992 e.
1104 3955 1121 3991 a
1144 3938 1249 3992 Teucro
1273 3941 1358 4007 atque
1378 3938 1414 3992 ab
1439 3939 1501 3993 aliis

393 4027 566 4083 Achaeorum
584 4027 696 4098 regibus
715 4025 786 4081 vidit
804 4025 962 4094 Seyffertus.

465 4115 489 4185 2)
523 4116 617 4170 Herm.
641 4115 677 4170 ad
700 4114 766 4170 Eur.
791 4113 859 4170 Hac.
881 4115 958 4168 1125.
993 4113 1093 4184 Pflugk
1110 4114 1146 4169 ad
1163 4132 1190 4168 v.
1210 4115 1287 4168 1135.
1323 4114 1422 4169 Struve
1439 4116 1501 4170 loco

395 4220 478 4287 supra
495 4204 617 4259 laudato.

427 4279 433 4290 '
464 4282 488 4359 ³)
525 4290 560 4346 cf.
580 4290 610 4345 c.
629 4289 721 4346 vvom
743 4289 778 4344 aa
795 4290 860 4344 Ans.
880 4291 907 4342 4.

464 4378 488 4447 ἰ)
523 4379 559 4434 of·
579 4395 650 4448 quae
672 4378 702 4431 in
723 4377 810 4447 praef.
834 4377 869 4434 de
891 4377 1034 4446 Sophoclis
1059 4377 1178 4433 novandi
1203 4376 1311 4430 ratione
1337 4376 1414 4430 dicta
1437 4378 1502 4431 sunt

395 4483 422 4534 p.
442 4463 466 4518 7.
