3600 5334
922 586 961 645 w

388 771 555 855 gitandum
578 770 668 836 nobis
691 776 748 848 est,
771 770 976 853 antiquorum
999 767 1152 833 librorum
1176 769 1340 833 minimam
1363 774 1488 834 tantum

388 879 514 958 partem
537 873 579 940 ad
601 895 659 938 nos
681 873 812 953 venisse,
835 878 871 937 ut
893 893 956 935 non
977 892 1075 955 supra
1097 891 1193 953 quam
1217 869 1301 954 quod
1318 871 1405 935 credi
1418 893 1489 955 pos-

312 1000 316 1010 ’
388 977 430 1040 sit
452 981 646 1054 statuamus,
684 976 726 1056 si,
764 995 860 1059 quam
884 975 948 1038 vim
970 974 1066 1038 semel
1093 980 1221 1038 tantum
1242 973 1396 1038 vocabulo
1418 974 1490 1039 sub·

384 1079 504 1161 jectam
527 1078 687 1157 novimus,
719 1078 853 1143 eandem
875 1076 1021 1161 pluribus
1043 1075 1121 1140 locis
1142 1080 1268 1139 tantum
1291 1076 1382 1141 nobis
1402 1076 1490 1160 igno-

388 1181 430 1245 tis
452 1180 588 1245 valuisse
611 1179 770 1260 dicamus3
807 1202 845 1245 ea
867 1183 975 1242 tamen
999 1176 1194 1256 conditione,
1218 1184 1254 1242 ut
1275 1179 1490 1244 transferendi

387 1282 471 1348 ratio
493 1290 703 1368 cognoscatur
725 1288 822 1366 atque
845 1281 995 1364 analogia
1016 1280 1247 1363 comprobetur.
1279 1320 1318 1330 —
1362 1281 1425 1346 Sed
1447 1318 1488 1328 -—

388 1385 480 1450 venia
502 1385 544 1449 sit
566 1405 674 1450 morae
695 1423 738 1432 -
761 1383 802 1448 ad
823 1382 1020 1448 Philoctetae
1042 1403 1168 1446 versum
1189 1383 1302 1464 redeo,
1339 1383 1394 1467 qui
1416 1383 1491 1448 sim-

387 1487 513 1572 pliciter
535 1487 567 1551 in
591 1487 676 1552 hunc
697 1486 827 1552 modum
849 1484 1058 1568 explicandus
1080 1491 1143 1549 est:
1183 1487 1349 1567 „Quanam
1377 1507 1412 1551 re
1441 1486 1489 1550 in-

388 1589 553 1671 digentes?
575 1594 659 1653 certe
675 1588 761 1653 mala
778 1587 936 1672 quaedam
951 1592 1029 1652 est“.
1058 1591 1163 1675 χρῆμα
1185 1590 1283 1672 igitur
1305 1610 1372 1653 rem
1393 1588 1490 1673 signi·

387 1693 463 1756 fioat
491 1692 665 1757 secundum
696 1689 900 1755 Homericum
929 1711 1038 1771 usum3
1077 1697 1174 1774 atque
1201 1690 1243 1755 ad
1271 1692 1489 1775 quaestionem

387 1789 421 1858 τί
442 1794 511 1859 κτλ.
533 1794 701 1873 rhetorice,
727 1831 763 1840 -
788 1798 825 1857 ut
846 1793 951 1858 dicere
974 1792 1078 1857 solent
1101 1833 1150 1872 -,
1172 1794 1397 1879 respondetur;
1426 1793 1490 1858 for-

387 1902 472 1960 tasse
506 1917 631 1980 quoque
664 1895 754 1979 lepor
786 1895 969 1960 verborum:
1008 1893 1194 1983 κεχρημένοι
1223 1935 1260 1944 -
1286 1898 1393 1982 χρῆμα
1424 1917 1488 1961 ιιοιι

387 2003 515 2082 praeter
537 2002 652 2083 podtae
674 1998 842 2062 consilium
865 2003 923 2063 est.
957 2035 993 2044 -
1040 1998 1123 2062 Sunt
1145 1998 1242 2081 igitur
1265 1997 1411 2062 nonnulli
1433 1998 1489 2063 ho·

387 2101 489 2165 mines
518 2099 604 2165 docti
635 2099 729 2164 nimis
758 2100 799 2165 ad
827 2101 966 2165 novandi
998 2100 1138 2165 studium
1169 2100 1334 2184 Sophoclis
1363 2101 1488 2165 attenti.

390 2201 1491 2287 Affimmfflmmmnffifflmewmmmmmffl

388 2326 516 2388 operam
537 2304 686 2388 perdunt,
709 2304 802 2389 longe
825 2305 1027 2370 dissentiunt.
1071 2305 1189 2370 Verum
1209 2306 1278 2385 hoo,
1301 2305 1489 2389 Sophoclem

387 2413 423 2473 ut
446 2407 701 2491 frequentissime
723 2408 768 2472 sic
789 2406 1036 2490 prudentissime
1059 2407 1226 2472 verborum
1241 2407 1490 2488 significationes

387 2509 571 2588 transferre,
595 2515 738 2574 attamen
762 2531 832 2574 eum
856 2509 1033 2593 periculum
1056 2509 1141 2592 quod
1163 2509 1196 2573 in
1217 2509 1365 2575 novando
1381 2510 1488 2591 subiit,

387 2634 449 2678 non
481 2633 605 2696 semper
634 2612 769 2676 evitasse
800 2617 896 2695 atque
927 2611 1164 2695 aliquantulum
1186 2633 1427 2696 nonnumquam
1450 2613 1489 2679 de

387 2715 491 2798 spatio
513 2715 751 2798 curriculoque,
780 2721 817 2779 ut
839 2715 885 2779 ita
908 2714 1027 2792 dicam,
1059 2712 1240 2795 deflexisse,
1262 2717 1407 2798 quamvis
1429 2717 1490 2780 sim

387 2818 467 2882 artis
489 2815 684 2902 Sophocleae
712 2817 903 2897 admirator,
938 2817 1084 2882 concedo.
1141 2818 1230 2896 Quae
1252 2839 1323 2881 cum
1346 2819 1392 2883 ita
1415 2819 1488 2898 sint,

386 2920 547 2984 interdum
571 2918 617 2999 fit,
639 2925 675 2984 ut
696 2920 871 2985 insolenter
892 2925 1001 2982 utrum
1024 2919 1187 3002 scripserit
1208 2923 1313 3004 polita,
1336 2942 1377 2984 an
1393 2921 1488 2986 lectio

387 3021 532 3087 codicum
554 3021 666 3087 vitium
688 3022 839 3101 traxerit,
869 3020 995 3086 difficile
1018 3021 1060 3085 sit
1082 3020 1260 3104 dijudicatu
1281 3026 1316 3096 Ι).
1369 3023 1489 3088 Recen-

387 3126 485 3190 tiores
517 3124 619 3189 critici
650 3124 716 3189 fere
745 3146 854 3189 omnes
886 3123 927 3188 ad
960 3124 1160 3207 conjecturas
1190 3125 1353 3191 faciendas
1381 3125 1457 3210 perf
1476 3163 1489 3174 -

387 3227 488 3312 giunt,
512 3225 590 3290 mihi
612 3232 719 3291 autern
742 3226 848 3310 placet
870 3226 950 3292 illud
975 3226 1165 3306 Quintiliani
1182 3230 1227 3309 ²):
1254 3229 1418 3308 ,Modesto
1440 3235 1488 3294 ta-

387 3350 459 3394 men
481 3335 514 3394 et
536 3330 763 3413 circumspecto
782 3328 904 3412 judicio
932 3329 971 3394 de
995 3329 1095 3392 tantis
1116 3329 1192 3394 viris
1214 3332 1488 3414 pronuntiandum

387 3437 451 3509 est,
484 3452 523 3496 ne
545 3429 628 3514 quod
652 3429 811 3515 plerisque
835 3429 967 3509 accidit,
999 3431 1152 3496 damnent
1180 3453 1263 3515 quae
1285 3456 1349 3500 non
1371 3434 1488 3500 intelli-

387 3538 476 3617 gunt.
522 3534 567 3598 Ao
591 3534 617 3597 si
640 3553 766 3598 necesse
788 3532 894 3597 estin
916 3531 1052 3596 alteram
1073 3554 1181 3599 errare
1202 3541 1344 3619 partem,
1381 3538 1490 3601 omnia

387 3657 496 3702 eorum
518 3635 697 3721 legentibus
718 3636 844 3719 placere
867 3656 965 3718 quam
987 3636 1091 3699 multa
1105 3637 1272 3720 displicere
1288 3638 1486 3704 maluerim.“

387 3740 475 3818 Quae
498 3738 627 3822 quidam
650 3743 838 3822 reputantes
861 3737 1007 3803 homines
1028 3738 1113 3803 docti
1135 3740 1161 3803 si
1185 3760 1315 3824 operam
1336 3762 1431 3824 quam
1454 3743 1487 3806 in

386 3841 540 3906 mutando
562 3846 653 3905 textu
677 3840 937 3923 inveniendisque
961 3840 1152 3924 conjecturis
1172 3841 1366 3925 perdebant,
1389 3845 1489 3928 expli-

386 3943 498 4008 candis
518 3946 632 4026 poetae
648 3943 752 4007 verbis
768 3947 949 4021 navassent,
970 3944 1084 4007 melius
1104 3941 1240 4008 fortasse
1263 3943 1302 4008 de
1324 3964 1362 4010 eo
1382 3948 1490 4014 meriti

387 4049 501 4110 essent.
545 4043 684 4109 Tantum
712 4044 811 4129 igitur
839 4045 945 4123 abest,
979 4049 1015 4109 ut
1042 4066 1211 4110 numerum
1233 4047 1489 4131 conjecturarum

386 4169 488 4233 paene
509 4147 775 4212 innumerabilem
797 4147 887 4212 novis
909 4153 1061 4215 aucturus
1082 4148 1151 4230 sim,
1173 4154 1211 4214 ut
1225 4150 1280 4216 uhi
1295 4150 1489 4217 dubitationi

460 4355 480 4423 ¹)
515 4353 551 4409 cs.
568 4354 695 4409 Meinelre
712 4355 748 4410 ed
766 4355 833 4410 Oed.
851 4355 908 4410 001.
929 4355 1005 4409 165³.

457 4444 479 4509 ²)
515 4443 549 4504 X,
571 4445 592 4510 1,
613 4443 655 4496 26.
