3600 5334
826 633 867 696 45

295 839 387 882 versa
408 816 554 884 vocabuli
576 816 683 893 πλοός
704 815 792 880 notio
820 816 854 882 in
876 814 958 881 Phil.
983 819 1067 882 1430
1095 816 1137 882 ab
1160 816 1401 900 opportunitate

296 919 470 1002 navigandi
497 919 540 984 ad
566 919 671 1004 ipsum
693 925 823 984 ventum
845 918 1050 984 transfertur.
1095 919 1156 986 His
1185 918 1268 986 adde
1295 917 1400 984 locum

296 1021 444 1086 Electrae
466 1044 493 1086 v.
518 1028 596 1099 451,
624 1021 679 1088 ubi
702 1020 893 1105 adjectivum
918 1013 1065 1109 ἀλιπαρῆ
1086 1042 1106 1085 a
1129 1020 1299 1086 Scheefero
1317 1024 1343 1102 ¹)
1365 1021 1399 1087 iu

296 1124 507 1207 suspicionem
529 1125 671 1209 corrupti
690 1130 853 1204 vocatum,
876 1123 918 1190 ab
935 1123 1097 1189 Ellendtio
1111 1123 1294 1202 defensum,
1313 1129 1401 1206 post-

296 1247 335 1290 ea
368 1225 649 1292 aSchneidevino
683 1232 716 1291 et
737 1227 773 1291 G.
799 1224 924 1292 Wclffio
960 1227 994 1290 in
1023 1226 1147 1313 λιπαρῆ
1167 1231 1345 1305 mutatum,
1379 1247 1400 1290 a

295 1328 363 1392 solo
386 1328 570 1394 Hermanno
601 1334 688 1392 recte
719 1328 914 1412 explicatum
945 1334 994 1394 eat
1023 1335 1185 1394 vertente:
1226 1349 1338 1409 „coma
1357 1327 1400 1393 ad

160 1419 165 1426 ’
294 1430 561 1514 supplicationem
598 1451 661 1498 non
695 1431 967 1496 acccmmcdata.“
1011 1431 1095 1496 Nam
1132 1430 1403 1515 quemadmodum

294 1532 447 1617 λιπαρεῖν
482 1533 701 1617 „supplicare“
738 1531 898 1617 significat
931 1538 964 1597 et
993 1525 1136 1620 λιπαρῆς
1167 1532 1401 1616 „supplicans“,

295 1634 340 1699 sic
362 1627 527 1722 όλιπαρής
548 1656 621 1699 cum
636 1635 765 1719 proprie
787 1637 844 1700 sit:
871 1656 955 1715 „non
979 1635 1194 1718 supplicans“‚
1216 1655 1274 1717 per
1295 1641 1402 1699 traus-

295 1736 447 1802 laticnem
480 1759 553 1802 eum
583 1737 633 1802 vel
661 1738 696 1802 id
722 1736 897 1821 significat,
934 1737 1020 1820 quod
1047 1758 1112 1804 nou
1140 1742 1253 1820 aptum
1281 1740 1331 1799 cst
1358 1734 1401 1799 ad

295 1838 559 1923 supplicandum,
594 1841 693 1926 paulo
713 1840 810 1905 aliter
831 1845 1055 1924 comparatum
1076 1845 1175 1923 atque
1195 1837 1282 1922 quod
1304 1857 1401 1921 supra

294 1945 626 2008 commemoravimus:
651 1937 909 2029 προστρόπαιος.
991 1987 995 1996 -

795 2163 822 2245 ς.
849 2166 897 2226 11.

378 2327 450 2394 Jam
473 2326 515 2390 ad
538 2324 626 2390 aliud
649 2322 874 2388 vocabulorum
904 2323 1155 2406 significationes
1177 2326 1325 2392 mutandi
1348 2348 1400 2410 ge-

296 2452 356 2494 nus
376 2429 543 2494 transituri
567 2428 599 2492 in
623 2447 716 2490 usum
737 2426 953 2510 inquiramus,
976 2447 1015 2490 ex
1038 2447 1101 2510 quo
1123 2426 1220 2491 verba
1243 2449 1313 2492 eam
1337 2430 1400 2494 vim

296 2531 473 2615 accipiunt,
511 2535 547 2594 ut
568 2528 713 2593 faciendo
736 2528 771 2592 id
794 2527 878 2612 quod
908 2529 1037 2613 proprie
1059 2527 1255 2610 significant,
1292 2531 1342 2595 vel
1363 2551 1400 2595 eo

296 2632 389 2697 modo
412 2653 507 2716 quem
528 2632 673 2697 indicant
694 2629 820 2694 efficere
841 2630 964 2714 aliquid
986 2630 1181 2712 significent;
1203 2651 1241 2696 ac
1261 2633 1401 2716 primum

295 2735 441 2819 quidem,
473 2734 499 2797 si
522 2733 682 2816 objectum
704 2727 787 2808 ἔπος
808 2732 858 2797 vel
882 2731 985 2797 simile
1007 2733 1152 2812 additur,
1179 2736 1311 2819 propria
1332 2757 1402 2802 ver-

295 2837 406 2902 borum
439 2837 469 2900 vi
503 2842 629 2899 tantum
662 2835 745 2898 ratio
779 2834 906 2899 dicendi
939 2841 1078 2899 notatur.
1123 2835 1299 2901 Notissima
1326 2845 1402 2906 aunt

295 2940 389 3005 haec:
428 2936 582 3003 κλέπτειν
611 2932 707 3021 λόγον
736 2936 787 3000 vel
816 2939 936 3018 μῦθον.
981 2936 1095 3002 Trach.
1120 2942 1181 3002 437
1212 2939 1309 3019 (Phil.
1334 2946 1399 3023 57).
1444 2929 1452 2942 “

295 3045 346 3128 Aj.
374 3048 442 3108 189.
474 3041 522 3106 El.
546 3045 586 3104 56
609 3047 669 3104 etc.
687 3041 732 3125 2),
770 3033 945 3122 ἐξυβρίζειν
972 3039 1107 3123 superbe
1136 3039 1223 3124 loqui
1255 3042 1303 3108 El.
1328 3046 1401 3122 293,

295 3147 437 3228 κομπεῖν
465 3143 602 3225 gloriose
632 3162 765 3207 narrare
794 3143 845 3205 vel
874 3142 979 3205 dicere
1009 3142 1045 3206 Ο.
1070 3142 1105 3206 0.
1132 3147 1223 3207 1149.
1264 3144 1314 3227 Aj.
1338 3147 1401 3208 770

296 3246 450 3311 Similiter
472 3247 505 3310 in
527 3245 578 3328 Aj.
606 3250 687 3309 1108
710 3244 846 3328 legitur:

424 3343 543 3410 καὶτὰ
566 3341 654 3429 σέμν’
677 3342 742 3434 έπη
764 3338 874 3426 κόλαξ
897 3339 1054 3424 ἐκείνους,

296 3470 380 3536 quae
400 3448 498 3513 verba
517 3455 603 3512 recte
626 3468 646 3512 a
668 3449 843 3532 glossatore
865 3448 1083 3532 explicantur:
1118 3444 1294 3528 κολάζων
1315 3445 1400 3515 έκεί-

295 3574 369 3629 νους
390 3547 479 3635 λέγε
499 3545 541 3614 τὰ
563 3545 665 3631 σεμνὰ
687 3545 760 3637 ἔπη,
785 3572 824 3615 ea
839 3557 946 3616 tamen
963 3551 1153 3631 conditione,
1177 3558 1214 3616 nt
1229 3542 1326 3617 verba
1342 3573 1400 3616 κο-

295 3651 403 3735 λάζειν
425 3649 490 3739 ἔπη
512 3654 603 3736 quasi
625 3654 658 3717 in
681 3674 780 3717 unum
802 3652 933 3717 verbum
959 3652 1112 3734 conflata,
1151 3653 1237 3737 quod
1267 3655 1335 3718 sere
1356 3658 1401 3719 vi-

294 3757 467 3842 tuperandi
500 3756 661 3820 notionem
692 3755 841 3838 accipiat,
880 3757 1097 3820 accusativum
1119 3750 1261 3832 ἐκείνους
1291 3779 1401 3840 regare

295 3865 463 3944 putentur3
488 3879 569 3943 quae
591 3878 656 3921 non
679 3863 728 3921 cst
744 3855 893 3921 Lobeclii
918 3859 1078 3922 sententia
1092 3858 1173 3923 haec
1197 3861 1400 3925 adnotantis:

298 3962 493 4044 „communis
522 3982 624 4025 sermo
654 3960 759 4026 verbis
789 3959 943 4024 laudandi
974 3968 1007 4025 et
1028 3961 1232 4045 vituperandi
1254 3962 1402 4046 adjungit

296 4064 511 4130 accusativum
533 4063 670 4128 nominis
691 4063 868 4128 neutrius.“
892 4101 935 4112 —-
963 4065 1000 4128 ln
1024 4063 1074 4146 Aj.
1099 4068 1199 4130 1096:
1226 4057 1403 4151 ἆμαριόνιν

352 4325 371 4392 ¹)
407 4324 499 4377 melet.
517 4322 578 4376 crit.
596 4340 624 4392 p.
646 4323 703 4375 129.

349 4414 372 4480 ²)
407 4410 506 4466 Stallb.
532 4410 568 4464 ad
587 4409 657 4462 Plat.
678 4409 811 4478 Respubl.
828 4409 849 4479 1,
869 4411 920 4462 334
940 4411 972 4464 A.
1007 4409 1043 4464 ci.
1060 4409 1143 4480 frgm.
1161 4407 1227 4480 623,
1250 4410 1298 4464 ubi
1315 4409 1401 4480 Hesy-

295 4499 373 4553 chius
391 4517 425 4552 ex
441 4497 576 4568 Sophocle
596 4496 688 4552 affert:
710 4491 856 4550 ἄκλεπτοιι
875 4493 908 4550 οὔ
927 4493 1187 4569 παραλογιζόμενοι,
1206 4495 1326 4564 ἀληθεῖς.
