3600 5334
849 590 886 649 13

314 809 354 820 -
385 773 601 838 Memorabilis
623 779 672 838 est
693 794 802 839 versus
823 774 1011 858 fragmenti,
1044 775 1130 858 quod
1153 774 1290 841 Stobaeo
1313 796 1419 840 serva·

313 880 383 938 tum
406 873 565 954 debemus,
590 879 661 951 856,
688 879 743 939 ll:

442 980 533 1064 νωμᾷ
555 970 585 1041 d'
607 973 640 1040 ἕν
663 971 811 1042 οἰωνοῖσι
830 971 996 1065 τούκείνης
1016 975 1138 1063 πτερὸν

312 1078 452 1142 Verbum
480 1074 599 1160 νωμάω
626 1079 817 1163 ubicumque
844 1080 978 1164 legitur,
1014 1083 1181 1145 transitive
1209 1081 1331 1144 dictum
1358 1088 1416 1161 est,

312 1179 373 1243 hoc
394 1186 501 1244 autem
524 1181 603 1262 loco,
627 1203 689 1264 quo
710 1182 806 1247 verbo
829 1177 1008 1269 εἰσέρχεται
1029 1187 1042 1265 (
1064 1231 1071 1246 .
1096 1185 1129 1264 8)
1151 1183 1330 1266 respondet,
1353 1204 1416 1246 non

313 1283 577 1364 acquiescendum
601 1284 704 1348 estin
727 1287 888 1350 sententia
911 1286 1201 1379 grammaticorum,
1224 1285 1418 1368 quiaccusa-

312 1385 410 1448 tivum
435 1379 511 1450 arici
538 1387 751 1470 supplendum
774 1408 841 1452 esse
864 1387 1039 1468 affirmant,
1063 1388 1119 1452 sed
1142 1387 1330 1471 Sophoclem
1353 1387 1417 1451 sin-

311 1486 415 1570 gulari
436 1510 496 1553 usu
517 1488 648 1553 verbum
669 1509 840 1573 usurpasse
863 1491 1100 1572 agnoscendum
1122 1495 1179 1555 est.
1234 1490 1331 1554 Recte
1353 1489 1417 1553 for-

311 1594 396 1654 tasse
418 1590 655 1655 intransitivum
678 1591 775 1675 hujus
797 1593 885 1658 verbi
907 1599 940 1656 et
962 1592 1112 1656 similium
1135 1613 1227 1655 usum
1249 1593 1297 1656 ita
1318 1593 1417 1676 expli-

312 1698 400 1772 cant,
424 1698 461 1757 ut
482 1695 711 1774 accusativum,
736 1714 830 1777 quem
853 1700 1013 1759 certorum
1036 1695 1203 1759 verborum
1226 1695 1314 1759 notio
1337 1696 1417 1761 desi-

311 1789 418 1873 deret,
456 1817 528 1859 cum
557 1795 650 1860 facile
678 1796 819 1880 suppleri
842 1797 959 1880 possit,
996 1795 1102 1860 omitti
1130 1802 1292 1868 statuant,
1331 1798 1419 1862 velut

311 1899 425 1962 omisso
458 1899 656 1963 substantivo
687 1901 803 1985 ψῆφος
834 1899 966 1964 verbum
1000 1894 1120 1985 τίθημι
1152 1898 1417 1982 significationem

310 1999 495 2084 suffragium
519 2000 641 2066 ferendi
657 2002 775 2066 retinet
786 2003 823 2083 ¹).
868 2001 935 2065 Nec
951 2008 1060 2066 tamen
1076 2002 1136 2067 hoc
1151 2005 1320 2086 poetarum
1335 2023 1418 2066 sem-

309 2125 367 2187 per
388 2105 495 2168 animo
525 2103 687 2168 obversari
719 2108 842 2168 certum
871 2109 937 2183 est3
975 2125 1013 2168 ac
1034 2125 1074 2168 ne
1097 2103 1157 2168 hoo
1180 2103 1309 2186 quidem
1332 2104 1417 2187 frag-

309 2207 411 2270 menti
433 2206 511 2286 1000,
534 2206 588 2270 ubi
613 2207 653 2272 ab
677 2205 797 2285 avibus,
814 2245 855 2254 —
879 2207 1006 2289 quaesi
1028 2207 1106 2289 quid
1127 2213 1272 2284 movent,
1288 2213 1419 2271 movent

309 2308 393 2388 alsa,
416 2347 456 2355 —
480 2309 669 2392 metaphora
691 2313 819 2393 sumpta
842 2313 906 2388 est,
929 2328 997 2371 rem
1021 2329 1058 2373 eo
1080 2308 1304 2392 explanamus,
1329 2308 1416 2392 quod

308 2405 414 2496 πτερὰ
437 2410 649 2494 supplendum
672 2433 739 2475 esse
762 2409 984 2474 contendimus
992 2459 1000 2489 ,
1026 2412 1082 2475 sed
1105 2411 1260 2493 apertior,
1283 2412 1346 2476 nisi
1365 2412 1416 2494 ju-

309 2515 391 2578 dicio
414 2513 523 2593 fallor,
547 2513 689 2594 vestiet,
713 2515 740 2577 si
762 2516 890 2596 poetam
913 2535 972 2595 pro
996 2534 1033 2577 eo
1056 2514 1142 2596 quod
1166 2513 1271 2577 dicere
1292 2514 1415 2596 potuit:

310 2611 412 2701 ἒνείνη
434 2611 555 2700 πτερὸν
577 2619 668 2702 νωμᾷ
692 2615 825 2680 dixisse:
849 2611 971 2700 πτερὸν
995 2609 1117 2701 ἐκείνης
1139 2617 1232 2702 νωμᾷ
1254 2615 1417 2678 existima-

312 2720 458 2783 verimus.
501 2719 573 2783 Non
602 2719 682 2784 bene
713 2717 893 2782 Ellendtius
923 2715 1002 2779 mihi
1031 2717 1221 2780 vocabulum
1244 2717 1323 2780 illud
1345 2738 1414 2780 ver-

309 2828 375 2886 tere
398 2821 523 2885 videtur
547 2825 706 2903 „regere“,
729 2820 852 2899 melius,
875 2819 997 2902 opinor,
1019 2826 1164 2882 nostrum
1189 2821 1276 2900 „sein
1298 2819 1415 2883 Wesen

309 2925 451 2989 treiben“
477 2923 572 2989 verbo
597 2923 717 2988 Graeco
739 2921 921 3005 respondet.
975 2922 1251 3000 Quemadmodum
1273 2921 1306 2984 in
1329 2920 1415 3002 frag-

309 3027 408 3092 menti
437 3047 528 3090 versu
557 3027 688 3091 verbum
718 3025 869 3108 simplex,
904 3026 949 3090 sic
971 3024 1053 3088 Phil.
1078 3029 1139 3088 778
1162 3019 1362 3110 προσενώμα
1384 3029 1417 3088 et

313 3135 389 3195 168:
428 3126 597 3210 ἐπινωμᾶν
625 3129 827 3213 intransitive
850 3128 972 3192 dictum
993 3128 1057 3190 vim
1079 3126 1145 3190 fere
1168 3127 1341 3192 accedendi
1364 3147 1415 3190 ac-

310 3233 388 3316 cipit
398 3235 435 3313 ²).
458 3269 499 3280 -
522 3231 566 3295 Ut
587 3229 683 3294 finem
706 3229 822 3293 faciam
845 3229 1031 3313 disputandi
1054 3229 1093 3294 de
1116 3251 1150 3294 re
1173 3230 1251 3294 satis
1272 3234 1350 3293 nota
1372 3228 1415 3292 ad

309 3340 487 3398 extremum
509 3353 736 3414 commemoro,
767 3355 845 3418 prae
868 3333 940 3397 aliis
962 3333 1059 3398 verba
1082 3333 1219 3415 quaein
1241 3355 1318 3411 ενω,
1342 3354 1415 3409 ννω,

309 3461 389 3502 αινω
411 3437 567 3517 desinant,
590 3438 684 3501 modo
706 3436 919 3514 transitivum,
947 3435 1040 3498 modo
1063 3434 1301 3499 intransitivum
1323 3455 1417 3497 usum

310 3539 396 3623 apud
428 3538 616 3621 Sophoclem
649 3539 821 3602 admittere
837 3540 883 3619 3)‚
930 3537 1017 3602 velut
1046 3537 1097 3620 Aj.
1130 3541 1227 3600 1004:
1265 3531 1417 3615 ταχύνωε

309 3643 395 3725 quod
424 3647 510 3706 recte
541 3639 714 3704 scholiasta
744 3640 899 3724 explicat:
937 3635 1021 3721 μετὰ
1050 3637 1197 3724 σπουδῆς
1225 3631 1360 3722 derigere
1374 3640 1415 3720 4),

309 3745 329 3807 i.
354 3765 380 3808 e.
404 3744 550 3808 celeriter
572 3748 694 3826 parate,
718 3742 765 3806 El.
790 3747 868 3807 916:
899 3737 1045 3827 θάρσυνε
1065 3741 1150 3806 bono
1172 3741 1280 3804 animo
1303 3740 1355 3804 sis.

381 4012 402 4080 ¹)
436 4010 542 4064 Bonitz.
560 4011 621 4064 Ber.
641 4009 667 4062 d.
687 4008 720 4062 K.
738 4007 828 4062 Akad.
846 4022 873 4074 p.
892 4007 945 4058 458
958 4023 1017 4074 sqq.

380 4099 402 4168 ²)
438 4100 479 4152 De
496 4097 540 4150 his
557 4099 625 4152 locis
642 4097 706 4152 vide
726 4096 823 4150 Struve
840 4112 867 4164 p.
887 4095 922 4145 20
942 4111 982 4162 sq.

380 4187 402 4256 3)
437 4187 536 4239 Struve
552 4203 579 4252 p.
600 4186 639 4237 19.

380 4275 404 4341 ⁴)
440 4273 557 4327 Videtur
574 4271 723 4325 scholiasta
740 4267 873 4321 aoristum
892 4268 1000 4336 legisse.
