3600 5334
821 625 861 686 37

285 809 529 877 Subsistendum
566 807 663 892 igitur
700 814 748 873 est
782 809 816 872 in
853 808 988 873 lectione
1022 807 1141 873 codicis
1171 809 1390 875 Laurentiani.

284 912 449 978 Bonitzius
482 931 554 975 oum
584 911 801 994 disputatione
830 911 917 975 locos
939 911 1095 994 quosdam
1128 912 1312 995 complexus
1339 913 1391 991 sit,

284 1015 400 1100 quibus
422 1008 538 1097 στίβος
561 1013 741 1093 „incessus
773 1011 953 1103 significare
981 1011 1113 1077 fuerunt
1140 1014 1196 1096 qui
1229 1019 1391 1098 putarent,

284 1121 321 1182 ut
351 1135 418 1180 rem
451 1114 667 1193 absolvamus,
705 1114 743 1178 de
777 1115 823 1178 eis
855 1135 983 1198 quoque
1015 1115 1187 1180 ridendum
1219 1116 1311 1181 nobis
1334 1122 1391 1182 est.

283 1219 392 1283 Pimns
414 1238 523 1282 eorum
547 1217 663 1298 legitur
686 1217 719 1279 in
743 1215 824 1280 Phil.
850 1221 931 1281 206:

412 1313 547 1406 φθογγοί
567 1340 625 1382 τοο
647 1313 763 1401 στίβου
784 1311 855 1382 κατ’
876 1312 1020 1402 α’νάγκαν
1038 1314 1208 1404 ἓρντοντος,

283 1443 366 1508 quae
395 1422 493 1487 uerba
521 1421 747 1501 Wunderus1)
778 1421 889 1485 vertit:
929 1421 1103 1504 „strepitus
1131 1441 1259 1504 gressus
1287 1422 1392 1506 cujus-

285 1526 360 1591 dam
383 1545 478 1608 aegro
505 1524 678 1607 repentis“,
700 1521 883 1587 Bonitzius:
919 1524 997 1604 „der
1019 1523 1104 1587 Laut
1131 1524 1219 1588 eines
1244 1525 1392 1590 miihsam

283 1626 530 1693 schleiohsnden
553 1624 739 1690 Schrittes.“
785 1624 896 1708 Neque
927 1621 1044 1708 στίβος
1065 1621 1176 1708 ἕρπων
1204 1647 1296 1710 posse
1318 1627 1392 1708 dici,

284 1751 388 1813 neque
410 1733 617 1793 construatur
644 1726 739 1791 licere
762 1726 808 1810 2);
846 1722 936 1804 τινος
964 1723 1125 1812 ἕρποντος
1150 1721 1221 1792 κατ’
1249 1723 1392 1812 ἅναγκὰν

283 1835 341 1896 τοῦ
363 1826 488 1913 στίβον,
512 1829 588 1912 quia
603 1829 706 1893 verbis
729 1829 775 1892 sic
790 1830 965 1894 contructis
987 1824 1104 1911 στίβου
1129 1830 1280 1910 abundet,
1304 1838 1391 1916 post·

284 1955 381 2018 quam
405 1969 446 1980 -
468 1953 508 1996 ex
536 1953 609 1996 mea
637 1953 763 2015 quoqne
794 1931 956 1996 sententia
983 1932 1159 1996 rectissime
1183 1971 1221 1980 -
1245 1935 1393 2016 exposuit

284 2037 467 2114 Bonitzius,
502 2035 664 2118 persuasit
685 2035 746 2098 sibi
768 2033 814 2098 nil
836 2038 975 2113 restare,
1014 2054 1110 2117 quarn
1140 2040 1177 2097 ut
1202 2035 1288 2117 qnod
1316 2056 1392 2119 apo·

284 2139 408 2224 grapho
439 2137 595 2202 nonnulla
621 2137 812 2220 praeberent
844 2130 959 2219 στίβον
984 2136 1189 2202 scriberetur.
1219 2132 1392 2221 (ἕρποντος

284 2236 399 2324 στίβον
421 2257 490 2304 cunr
512 2245 575 2304 est:
599 2239 682 2302 viam
705 2238 896 2315 incedentis,
925 2233 995 2303 κατ’
1017 2233 1160 2324 οἷναγκὰν
1181 2258 1276 2323 aegre
1299 2239 1338 2304 cf.
1362 2263 1391 2304 r.

283 2347 356 2408 291.
380 2347 460 2408 215:
482 2333 542 2405 ὑπ’
564 2333 728 2425 ἀνάγκας).
777 2343 817 2404 At
839 2361 896 2404 our
911 2363 974 2406 non
997 2349 1084 2407 recte
1106 2342 1203 2405 uertit
1225 2342 1322 2408 verba
1343 2363 1392 2407 sa-

284 2447 439 2511 nissima?
482 2446 600 2509 Verum
616 2443 703 2507 enim
718 2464 792 2507 vero
808 2443 948 2524 genetivi
970 2441 1060 2521 τινὸς
1080 2451 1114 2508 et
1135 2440 1295 2529 ἕρσοντος
1316 2465 1392 2527 pen·

284 2547 363 2612 dent
378 2569 398 2610 a
413 2547 559 2630 genetivo
576 2540 710 2628 στίβοοτ
736 2566 851 2624 „sonus
873 2545 1015 2610 incessus
1038 2546 1204 2629 cujusdam
1227 2566 1321 2628 aegre
1343 2568 1393 2612 re·

286 2649 425 2733 pentis“;
449 2667 530 2731 quae
546 2648 705 2711 sententia
719 2648 826 2712 nescio
849 2668 891 2711 an
914 2648 947 2712 in
962 2647 1118 2712 Wunderi
1140 2667 1266 2731 quoque
1289 2649 1394 2713 verbis

285 2769 384 2834 supra
415 2749 524 2813 allatis
556 2749 666 2812 lateat.
711 2749 781 2813 Non
816 2749 1041 2814 offendendum
1073 2755 1122 2814 est
1150 2751 1182 2813 in
1204 2751 1393 2832 pronomine

286 2874 344 2917 τοο
366 2858 442 2916 ante
465 2846 580 2934 στίβου
607 2852 726 2934 posito,
765 2873 837 2915 oum
867 2852 908 2917 ad
931 2857 1103 2935 utrumque
1124 2851 1255 2916 verbum
1279 2848 1394 2936 στίβος

285 2960 319 3019 et
340 2950 451 3038 ἕρπων
473 2961 584 3038 aptum
612 2956 655 3018 sit
683 2960 716 3018 et
744 2954 880 3019 fortasse
910 2956 1007 3019 etiam
1037 2954 1079 3018 ad
1101 2960 1273 3036 utrumque
1295 2957 1392 3038 perti-

285 3062 377 3137 neat,
412 3063 447 3121 et
477 3079 549 3122 oum
582 3058 669 3141 apud
691 3057 880 3142 Sophoclem
906 3057 1075 3122 verborum
1104 3056 1271 3121 collocatio
1305 3057 1393 3122 haud

287 3180 360 3224 raro
383 3179 422 3224 ea
444 3159 498 3239 sit,
521 3166 558 3224 ut
579 3161 775 3226 constructio
799 3161 851 3224 vix
874 3159 1095 3243 dignoscatur,
1118 3160 1261 3224 velutin
1283 3181 1393 3225 secun-

287 3260 327 3325 do
351 3261 458 3343 Ajacis
479 3281 582 3326 versu.
628 3265 717 3342 Quae
733 3284 805 3326 oum
828 3264 876 3327 ita
896 3263 976 3342 sint,
999 3261 1172 3326 dummodo
1194 3257 1308 3345 στίβος
1329 3264 1393 3328 vim

285 3361 453 3427 incedendi
484 3363 602 3428 habere
632 3370 773 3444 constet,
811 3365 908 3428 etiam
938 3364 998 3430 hoo
1028 3365 1098 3429 loco
1121 3365 1307 3447 conjectura
1328 3388 1392 3430 non

287 3485 367 3550 opus
388 3470 446 3529 est.
471 3501 511 3512 -
535 3465 657 3531 Deinde
679 3467 712 3530 in
735 3466 816 3531 Phil.
840 3489 867 3530 v.
895 3473 973 3532 157:

415 3560 467 3644 τίς
487 3561 594 3644 τόπος
615 3559 636 3654 ἢ
657 3562 709 3644 τίς
730 3563 822 3653 ἕδρα,
844 3562 905 3632 τίν’
928 3565 993 3650 dirce
1015 3562 1131 3651 στίβον
1151 3567 1220 3632 κτλ.

286 3691 351 3735 non
376 3676 455 3753 puto
477 3707 520 3718 -
541 3689 623 3753 quae
653 3675 702 3734 est
724 3670 862 3734 Bonitzii
893 3671 1053 3736 sententia
1074 3711 1115 3722 —
1138 3671 1301 3734 notionem
1323 3671 1393 3735 vias

286 3774 356 3838 voci
379 3767 493 3855 στίβος
514 3770 690 3854 subjectam
714 3792 799 3852 esse;
823 3793 898 3837 nam
915 3773 992 3856 quid
1008 3773 1069 3838 sibi
1084 3772 1153 3836 uult
1168 3767 1284 3856 στίβος
1298 3769 1392 3839 ἔναυ-

287 3875 344 3951 λος
368 3874 438 3956 „via
460 3895 542 3958 quae
564 3880 613 3939 est
641 3873 673 3938 in
701 3876 842 3940 antro“?
886 3876 1031 3960 Denique
1054 3875 1094 3940 de
1115 3897 1143 3939 v.
1172 3879 1247 3940 163:
1277 3871 1392 3959 στίβον

287 3971 417 4061 ὀνμσίει
438 3982 523 4042 recte
546 3978 661 4041 statuit
683 3977 731 4042 vir
760 3978 976 4044 doctissimus:
1016 3979 1184 4060 vestigium
1214 3980 1393 4061 comparari

286 4099 359 4143 cum
382 4078 469 4143 sulco
483 4081 521 4158 3).

342 4327 362 4398 ¹)
398 4326 468 4381 Λᾶν.
485 4341 512 4394 p.
531 4325 574 4377 fis.

338 4415 362 4484 ²)
397 4414 465 4469 haec
482 4412 633 4466 Hermanni
651 4416 680 4466 et
695 4411 830 4467 Dindorfii
848 4411 903 4468 fuit
920 4411 1067 4466 sententis.

340 4503 363 4572 ³)
397 4502 495 4556 sonita
513 4501 543 4554 z.
561 4500 580 4554 r.
598 4505 623 4555 s.
643 4501 674 4555 s.
696 4501 763 4553 isso
781 4517 809 4569 p.
829 4500 889 4555 ors.
