3600 5334
836 553 875 614 39

306 739 392 824 quod
421 739 509 804 verbi
539 730 676 820 ἅμύσσω
704 757 777 802 cum
800 732 909 803 κύσσω
931 737 1095 822 conjuncti
1115 737 1221 816 notio,
1257 740 1410 819 quaeest

305 840 440 906 radendi
459 845 488 924 ¹)
524 840 633 924 ita'que
662 841 704 905 ad
734 841 877 905 lacerata
903 845 1035 925 pectora
1064 838 1205 922 quadrat
1231 876 1273 888 -
1308 837 1347 902 of.
1370 837 1408 902 ll.

213 1019 215 1024 Ι
310 948 358 1023 19,
382 947 462 1007 285:

821 1041 913 1131 χερσὶ
936 1037 965 1109 d'
987 1036 1131 1128 ὄμοσσεν

436 1141 564 1235 στήθεά
585 1140 614 1210 τ’
635 1138 685 1234 ἠδ’
708 1140 841 1233 ἁπαλὴν
863 1141 970 1234 δείρην
998 1141 1048 1212 ἰδὲ
1074 1141 1158 1210 καλὰ
1180 1141 1348 1234 πρόσωπα
1369 1185 1409 1196 -

306 1269 410 1332 neque
432 1271 505 1313 vero
528 1251 569 1314 ad
592 1249 708 1326 crines,
739 1249 799 1313 hoc
827 1249 897 1314 loco
929 1251 970 1314 ad
999 1249 1199 1333 discerpendi
1220 1249 1285 1313 vim
1308 1254 1411 1313 trans·

306 1352 374 1416 lata
396 1356 460 1431 est3
496 1353 528 1417 id
559 1351 644 1436 quod
675 1351 753 1434 quin
777 1347 948 1434 Sophocles
978 1371 1075 1415 ausus
1101 1353 1157 1430 sit,
1190 1373 1251 1416 non
1281 1351 1409 1434 quidem

307 1453 433 1530 dubit0,
464 1457 635 1537 praecipue
665 1475 737 1518 cum
765 1454 879 1518 similis
900 1454 942 1518 sit
964 1474 1041 1518 usus
1062 1453 1150 1518 verbi
1172 1449 1355 1534 καταξαίκω
1376 1455 1409 1517 in

307 1555 384 1620 Eur.
406 1556 487 1620 June
513 1559 610 1621 1267:

785 1651 826 1722 ἵν’
849 1649 949 1744 αὐτῆς
969 1653 1046 1734 τοὺς
1067 1650 1247 1743 ἀκηράτους
1269 1653 1413 1734 πλόκους

437 1754 540 1846 κόμης
559 1755 764 1847 καταξήνωσι
786 1762 965 1847 Παρνασοῦ
986 1755 1112 1836 πλάκες
1127 1763 1175 1842 ²);

306 1863 431 1928 accedit
464 1868 572 1928 autem
602 1863 706 1928 altera
735 1863 919 1943 difficultas,
957 1868 1206 1946 propterquam
1236 1862 1298 1926 loci
1326 1862 1413 1927 illius

304 1966 358 2030 hio
380 1966 573 2031 mentionem
594 1965 671 2045 feci,
709 1966 795 2049 qnod
823 1965 1015 2030 vocabulum
1045 1958 1191 2050 duvypa,
1220 1965 1248 2029 si
1274 1964 1412 2030 vellendi

305 2069 370 2135 vim
394 2068 504 2148 habet,
530 2069 692 2149 „vulsum,
717 2070 782 2132 sive
807 2069 945 2149 „crinem
961 2068 1107 2132 vulsum“
1124 2067 1294 2151 siguificat3
1317 2065 1413 2130 verbo

306 2171 352 2236 sic
374 2171 532 2254 explicato
555 2193 625 2235 cum
649 2169 868 2249 difficultatem
900 2171 1014 2253 quibus
1036 2171 1192 2253 premitur
1214 2170 1319 2248 locus,
1357 2190 1413 2234 au-

307 2279 443 2358 geantur
459 2275 504 2354 ³),
528 2292 717 2356 persuasum
738 2272 818 2336 mihi
840 2278 903 2351 est,
935 2293 1010 2336 voce
1032 2265 1164 2356 α’μυγμα
1186 2271 1344 2336 actionem
1367 2271 1413 2335 la

307 2376 418 2440 niandi
439 2374 592 2454 indicari,
621 2380 690 2439 tum
712 2395 751 2438 ex
773 2374 868 2440 verbo
890 2376 1071 2439 undecimae
1094 2375 1135 2438 ad
1157 2375 1292 2438 alteram
1315 2394 1413 2437 enun-

306 2479 380 2542 tiati
399 2483 524 2560 partem
547 2477 677 2542 verbum
702 2477 850 2561 generale
872 2471 967 2541 ἔσται
988 2477 1201 2560 supplendum
1222 2481 1280 2540 est.
1325 2476 1414 2554 Quae

309 2580 335 2643 si
357 2586 443 2643 recte
465 2579 640 2662 disputavi,
664 2578 745 2642 nihil
769 2578 970 2644 difficultatis
991 2585 1146 2642 remanet.
1172 2619 1208 2628 -
1239 2579 1287 2642 Ad
1310 2583 1413 2643 extre-

309 2702 396 2744 mum
419 2700 645 2757 commemor0‚
675 2700 747 2745 oum
769 2682 802 2744 in
824 2679 905 2745 Phil.
930 2685 988 2745 691
1014 2681 1155 2764 (saepius
1176 2680 1263 2764 apud
1285 2679 1414 2745 inferio·

308 2783 353 2848 ris
375 2783 491 2848 aetatis
513 2784 698 2866 scriptores)
720 2778 819 2866 βάσις
838 2783 953 2867 pedem
968 2782 1132 2866 significet,
1154 2784 1412 2862 instrumentum,

308 2907 372 2970 quo
394 2887 477 2951 actio
500 2885 549 2961 fit,
581 2906 653 2949 oum
676 2887 802 2951 actione
824 2885 959 2965 mutari,
989 2906 1028 2949 ac
1049 2884 1147 2950 verba
1168 2878 1226 2951 oda
1248 2881 1328 2966 ἔχων
1348 2881 1412 2968 βᾶ-

309 3009 362 3054 σικ
386 3010 424 3054 ex
446 2988 596 3072 analogia
618 2988 768 3072 adjectivi
790 2981 898 3066 ἅαοος
926 2987 1143 3072 superlatione
1165 2988 1305 3071 quadam
1327 2988 1414 3052 diota
1462 3061 1470 3075 ,
1528 2994 1530 3002 “

308 3112 376 3155 esse
392 3094 431 3174 4).

774 3254 892 3338 se.

393 3420 607 3487 Transeamus
628 3421 669 3486 ad
693 3421 772 3501 alia,
795 3442 877 3505 qnae
901 3421 1010 3505 generi
1033 3421 1271 3500 translationis,
1293 3422 1326 3486 in
1349 3443 1413 3506 quo

308 3522 539 3590 considerando
562 3543 740 3602 versamur,
764 3523 972 3607 supponenda
995 3530 1085 3599 sunt;
1123 3544 1161 3588 ac
1182 3524 1321 3607 primum
1343 3525 1412 3608 qui-

309 3627 381 3693 dem
411 3626 450 3692 de
488 3646 526 3690 eo
560 3624 704 3690 dicamus
737 3645 810 3702 neu,
849 3647 914 3708 quo
945 3626 1109 3690 notissimo
1139 3626 1284 3689 notiones
1321 3626 1413 3691 arbo·

308 3751 380 3795 rum
410 3735 443 3793 et
475 3728 653 3806 fructuum,
691 3747 770 3809 quos
800 3715 876 3790 illae
906 3725 1028 3806 ferunt,
1067 3728 1248 3792 mutantur!
1276 3766 1313 3776 -
1359 3728 1412 3793 Sic

363 3992 383 4058 ¹)
419 3992 451 4046 G.
471 3991 593 4062 Curtius,
613 3991 779 4060 Grundziige
798 3991 848 4044 der
865 3992 969 4062 griech.
989 3992 1164 4062 Etymologie
1180 3993 1215 4059 II,
1234 4010 1261 4061 p.
1283 3994 1341 4047 123.

361 4081 384 4138 ²)
420 4079 575 4134 Lobeclrius
601 4079 716 4134 verbum
744 4078 875 4133 Latinum
907 4078 1061 4148 „laniare“,
1091 4079 1165 4148 quod
1189 4080 1229 4133 sic
1255 4084 1412 4149 usurpatur,

307 4169 458 4236 comparat.

360 4254 386 4320 ³)
421 4253 463 4306 Ne
481 4253 581 4323 longus
599 4253 665 4322 sim,
684 4253 803 4307 aliorum
821 4253 973 4308 sententias
992 4253 1103 4308 silentio
1120 4254 1326 4322 praetermitto;
1357 4254 1412 4308 suf·

308 4342 367 4398 ficit
385 4341 419 4396 de
438 4341 477 4394 eis
494 4341 646 4409 inspexisse
662 4340 790 4410 Seyfferti
807 4341 1023 4395 adnotationem.
1197 4335 1201 4342 '

312 4439 316 4446 ·
360 4429 383 4498 κ)
418 4429 454 4483 α.
473 4429 497 4499 s.
518 4427 559 4482 α.
