3600 5334
841 587 877 646 ll

305 772 348 838 sit
362 772 459 850 locus,
483 792 645 854 numque
667 771 796 836 nomino
819 771 915 836 lectio
937 768 1058 835 tradita
1079 770 1181 854 possit
1195 769 1322 834 defendi
1336 790 1410 834 exa·

306 874 429 938 minare
452 895 548 957 quam
568 880 751 957 promptum
774 895 824 938 me
847 874 889 939 ad
912 873 1131 937 damnandum
1160 872 1314 957 praebere
1343 893 1411 936 ma-

305 976 372 1040 lim.
424 975 516 1040 Hanc
538 997 643 1041 meam
665 977 856 1042 sententiam
879 976 1040 1060 professus
1061 974 1145 1058 quod
1168 971 1247 1038 mihi
1269 974 1410 1057 proposi-

306 1084 376 1143 tum
399 1083 447 1142 est
469 1078 581 1158 adibo,
612 1084 645 1143 et
674 1099 771 1162 quam
799 1079 959 1144 rationem
987 1078 1021 1142 in
1050 1076 1213 1141 mutandis
1242 1074 1411 1140 verborum

307 1179 592 1263 significationibus
611 1186 737 1245 secutus
753 1181 795 1245 sit
810 1180 992 1265 Sophocles,
1015 1199 1180 1262 quousque
1196 1177 1410 1242 transferendi
1526 1172 1528 1175 ’

307 1282 442 1348 audacia
470 1283 539 1366 ejus
567 1288 719 1368 provecta
748 1283 804 1363 sit,
842 1282 920 1367 quid
946 1282 1045 1346 fuerit
1065 1281 1196 1346 audenti
1218 1300 1410 1363 supremum,

307 1403 471 1468 quaeram.
495 1421 536 1432 -

622 1629 679 1707 lle
704 1652 872 1730 generum
899 1627 998 1706 verbi
1022 1652 1098 1706 usu.

824 1890 893 1972 tl·

393 2033 552 2097 Generum
581 2029 669 2095 verbi
699 2042 832 2093 numero
861 2027 972 2110 lingua
998 2027 1122 2093 Graeca
1151 2029 1224 2093 aliis
1251 2037 1413 2114 praestat;

244 2133 255 2144 ’
309 2157 386 2201 nam
414 2156 487 2199 cum
519 2134 561 2198 ad
591 2133 728 2197 activum
758 2136 791 2194 et
812 2132 974 2214 passivum
996 2132 1126 2196 tertium
1149 2132 1282 2197 accedat
1303 2155 1413 2215 genus,

309 2238 395 2322 quod
409 2230 550 2322 μεσότης
565 2234 734 2299 nominant
748 2233 950 2318 grammatici
965 2239 1002 2316 ¹),
1024 2256 1088 2299 non
1103 2235 1197 2299 modo
1212 2234 1282 2299 fieri
1297 2241 1412 2318 potest,

309 2346 346 2405 ut
372 2339 543 2421 scriptores
572 2337 621 2401 vel
650 2357 733 2420 quae
762 2336 922 2400 levissima
950 2336 1035 2401 inter
1064 2335 1243 2420 complures
1271 2338 1413 2403 actiones

308 2441 512 2507 intercedant
532 2439 717 2504 discrimina
738 2439 936 2521 exprimant,
970 2437 1027 2502 sed
1056 2439 1154 2503 etiam
1184 2445 1220 2502 ut
1247 2439 1289 2503 ad
1319 2461 1413 2503 sunm

310 2545 443 2628 quisque
466 2542 633 2607 arbitrium
658 2561 695 2605 eo
718 2546 829 2605 utatur
850 2560 974 2622 genere,
997 2561 1018 2604 a
1033 2561 1096 2624 quo
1118 2540 1255 2606 colorem
1272 2540 1412 2625 aliquem

312 2645 409 2708 ducat
431 2644 543 2708 oratio.
568 2679 605 2691 -

393 2745 513 2828 Magna
534 2750 584 2810 est
606 2744 771 2828 Sophoclis
792 2741 929 2807 andacia
950 2742 1118 2827 generibus
1138 2743 1185 2808 ita
1207 2747 1344 2824 utentis,
1378 2751 1415 2810 ut

309 2848 356 2912 vis
379 2869 399 2912 a
420 2848 524 2912 forma
546 2847 720 2930 discrepet3
743 2867 781 2910 ae
802 2844 942 2929 primum
964 2845 1093 2929 quidem
1115 2848 1253 2911 activum
1270 2854 1413 2932 usurpat,

309 2949 364 3016 ubi
386 2949 548 3034 passivum
571 2954 801 3032 exspectamus.
853 2947 905 3012 Sic
933 2948 1019 3030 quod
1049 2949 1082 3012 in
1112 2947 1162 3012 nl.
1186 2953 1247 3015 699
1277 2950 1414 3014 activam

309 3052 397 3117 verbi
425 3049 529 3117 τέλλω
557 3051 694 3115 formam
723 3050 762 3115 de
792 3050 915 3116 oriente
946 3049 1013 3114 sole
1041 3070 1100 3133 pro
1128 3050 1260 3134 vulgata
1287 3052 1414 3136 passiva

309 3155 491 3238 usurpavit,
529 3176 566 3219 eo
593 3153 699 3216 minus
727 3151 874 3231 offendit,
905 3174 968 3235 quo
989 3154 1116 3236 saepius
1137 3155 1304 3237 compositi
1325 3153 1414 3218 verbi

309 3250 475 3322 όνατέλλω
505 3256 611 3322 activa
642 3255 746 3319 forma
775 3255 835 3319 hoc
864 3275 959 3319 sensu
981 3254 1099 3319 dicitur
1115 3257 1154 3335 2).
1178 3292 1218 3303 -
1256 3257 1293 3320 In
1314 3255 1350 3320 0.
1374 3255 1412 3319 R.

314 3364 373 3424 153
403 3356 538 3423 πάλλων
567 3379 625 3442 pro
656 3352 864 3439 παλλόμενος
893 3358 1048 3440 scriptum
1076 3357 1211 3440 legimus
1240 3379 1278 3424 eo
1309 3378 1414 3436 sensu,

310 3482 405 3545 quem
426 3466 512 3526 recte
534 3460 707 3526 scholiasta
729 3459 892 3542 cognovit,
929 3459 1020 3542 cujus
1048 3458 1127 3524 haec
1155 3465 1204 3524 est
1231 3460 1412 3524 adnotatio:

309 3558 517 3645 παλλόμενος
546 3559 649 3650 φόβην,
681 3555 843 3647 ἀγωνιῶν,
876 3562 896 3626 i.
921 3583 948 3626 e.
977 3567 1066 3626 metu
1094 3581 1272 3644 percussus.
1324 3560 1414 3626 Idem

309 3665 358 3732 bis
384 3664 444 3731 sibi
466 3666 612 3750 permisit
638 3665 808 3749 Euripides
824 3667 868 3744 3);
906 3665 1011 3729 medio
1033 3684 1110 3727 usus
1131 3669 1180 3726 est
1201 3663 1360 3730 Homerus
1380 3665 1414 3729 in

310 3769 347 3832 ll.
373 3769 476 3848 XXII,
499 3773 579 3832 461:
603 3764 792 3854 παλλομένη
814 3759 958 3853 κραδίην.
983 3803 1023 3814 -

393 3870 585 3954 Plerumque
608 3870 634 3934 si
657 3870 796 3934 activum
817 3869 937 3953 passivi
959 3868 1063 3934 locum
1087 3875 1196 3934 tenere
1211 3873 1355 3950 putatur,
1376 3888 1413 3931 eo

309 3993 360 4038 res
381 3973 480 4051 redit,
513 3978 550 4038 ut
570 3973 702 4038 verbum
723 3995 782 4057 pro
804 3973 989 4054 transitiva,
1024 3993 1089 4056 qua
1110 3973 1205 4056 vulgo
1231 3971 1413 4056 praeditum

382 4184 401 4253 ¹)
436 4185 548 4255 Dionys.
567 4201 673 4257 γραμμ.
695 4185 735 4236 lt.

379 4273 402 4342 ²)
437 4273 520 4344 Apud
536 4272 707 4328 Herodotum
726 4273 754 4324 et
772 4268 944 4339 Sophoclem,
967 4286 1023 4322 non
1041 4268 1114 4339 apud
1132 4267 1291 4322 Homerum.
1326 4265 1362 4322 ci.
1381 4268 1412 4322 0.

308 4361 336 4416 c·
357 4363 473 4516 maleel.
491 4423 664 4502 Ellendtium
681 4445 710 4500 in
728 4446 774 4500 lex
801 4443 883 4513 SOPh·
902 4461 921 4496 ⁸·
943 4461 968 4500 V·
