3600 5334
809 581 845 643 17

272 767 414 861 φοβερός
428 774 649 854 comparatum
665 789 732 833 esse
747 767 985 832 meminerimus
998 768 1035 850 ¹).
1066 765 1206 831 Transeo
1223 767 1264 831 ad
1280 767 1379 832 alium

270 875 377 941 locum
399 871 614 948 tractandum,
638 870 693 953 qui
715 868 858 952 quamvis
881 868 1026 934 homines
1049 869 1135 935 docti
1156 869 1196 933 de
1211 869 1380 934 verborum

271 977 433 1043 sententia
462 975 654 1039 dissentiant
684 977 716 1036 et
745 992 822 1034 num
852 970 894 1035 sit
922 973 1100 1037 mutatione
1122 993 1202 1055 opus
1224 971 1381 1050 dubitent,

271 1077 352 1144 mihi
366 1078 400 1141 in
417 1096 582 1141 numerum
603 1095 721 1154 eorum,
744 1072 858 1157 quibus
879 1075 1008 1157 passiva
1029 1075 1077 1139 vis
1099 1075 1205 1140 activa
1226 1079 1380 1153 mutatur,

273 1181 400 1247 videtur
423 1160 652 1244 adscribendus
673 1196 758 1256 esse;
786 1175 905 1258 legitur
926 1177 960 1240 in
983 1177 1095 1242 Trach.
1118 1199 1148 1242 r.
1172 1181 1251 1241 554:

405 1275 467 1362 tiro
487 1277 637 1367 λυτήριον
659 1274 794 1364 λύπημα
811 1280 839 1359 ²)

274 1384 422 1450 Mirabile
446 1383 622 1448 Hermanni
641 1381 798 1466 judicium
820 1402 888 1447 esse
911 1377 1047 1469 λύπημα
1077 1402 1098 1446 a
1127 1377 1277 1469 λυτήριον
1307 1381 1382 1463 (sol-

274 1489 365 1571 vens)
380 1486 519 1571 pendere
541 1483 755 1550 existimantis
776 1505 879 1567 neque
903 1485 985 1550 alios
1006 1485 1188 1568 explicandi
1211 1487 1380 1565 conatusss)

275 1589 403 1674 probari
431 1609 522 1672 posse
552 1608 625 1651 cum
651 1584 885 1651 intellexissent
907 1588 1101 1653 recentiores
1123 1587 1227 1652 critici
1250 1586 1381 1652 verbum

279 1687 411 1778 λύπημα
441 1713 499 1775 pro
529 1693 678 1772 corrupto
708 1687 862 1754 habentes
884 1696 1008 1754 rectam
1032 1690 1093 1755 sibi
1114 1691 1174 1755 visi
1201 1694 1276 1754 sunt
1297 1689 1383 1753 viam

278 1795 419 1878 ingressi.
465 1792 563 1858 Secus
584 1790 663 1855 mihi
685 1790 819 1855 videtur.
871 1791 1007 1875 Propter
1029 1813 1148 1856 nexum
1171 1812 1233 1875 quo
1256 1796 1382 1855 sentcn-

201 1977 205 1982 ,
276 1897 340 1962 tiae
362 1897 535 1960 cohaerent
564 1932 604 1942 -
635 1899 671 1958 ut
698 1895 933 1976 argumentatio
962 1894 1037 1960 inde
1059 1895 1189 1958 initium
1210 1894 1320 1977 capiat
1342 1935 1382 1943 -

275 1999 379 2065 verbis
401 1993 555 2084 λυτήριον
574 1991 711 2083 λύπήμα
733 1995 820 2060 notio
842 1995 976 2060 remedii
998 1997 1049 2062 vel
1065 1996 1178 2062 similis
1192 1995 1382 2080 requiritur3

276 2122 340 2185 qua
362 2101 401 2165 de
423 2121 521 2165 causa
542 2098 647 2179 facile,
670 2099 791 2183 opinor,
816 2119 853 2162 eo
875 2099 1090 2182 perducimur,
1113 2095 1205 2164 nt'iu
1228 2098 1383 2164 vocabulo

275 2200 425 2290 λυτήριος
446 2202 604 2284 ejusmodi
626 2201 703 2286 quid
729 2202 831 2265 inesse
855 2202 1067 2285 suspicemur3
1107 2202 1193 2286 quod
1215 2223 1292 2266 num
1314 2201 1384 2266 fieri

275 2307 376 2390 possit
398 2305 425 2368 si
445 2305 654 2387 indagamus,
691 2304 830 2387 primum
859 2304 1076 2386 reputandum
1100 2311 1164 2384 est,
1202 2303 1384 2388 exemplum

276 2407 427 2491 adjectivi
448 2407 483 2470 in
504 2428 594 2493 ηριος
616 2407 761 2470 exeuntis
776 2407 900 2489 passive
917 2407 1065 2490 usurpati
1080 2412 1206 2471 exstare
1221 2407 1255 2470 in
1272 2407 1383 2472 Aesch.

278 2509 420 2593 Choeph.
445 2514 481 2588 6,
516 2509 571 2574 ubi
595 2504 766 2591 πλόκαμος
787 2503 992 2595 θρεπτήριος
1013 2508 1155 2592 legatur,
1193 2509 1308 2574 deinde
1332 2509 1384 2589 ,id

281 2612 366 2692 quod
387 2611 506 2674 factum
528 2616 594 2676 cst“
625 2617 657 2675 et
687 2611 739 2691 ,id
770 2611 853 2694 quod
883 2609 954 2675 fieri
981 2616 1106 2694 potest“
1140 2612 1287 2675 notiones
1315 2631 1384 2674 esse

279 2711 569 2796 conjunctissimas,
602 2734 673 2777 cum
702 2713 861 2797 adjectiva
882 2711 1027 2776 verbalia
1048 2718 1218 2796 utramque
1240 2713 1304 2776 vim
1327 2712 1384 2778 ha-

278 2815 391 2894 beant,
425 2816 560 2898 denique
582 2837 657 2880 voce
681 2812 872 2903 κήλήτήριον
893 2815 928 2878 in
950 2813 1064 2878 Trach.
1088 2819 1149 2879 575
1180 2835 1283 2895 ,rem,
1319 2836 1383 2899 qna

278 2918 349 3002 quis
372 2917 506 2982 deleniri
528 2921 663 3001 potest“,
686 2918 831 2983 indicari.
879 2917 968 2996 Quae
991 2938 1063 2982 cum
1085 2918 1133 2981 ita
1154 2917 1233 2997 sint,
1256 2919 1289 2982 in
1312 2938 1383 2982 eam

277 3020 470 3085 sententiam
492 3021 620 3100 inclino,
644 3027 679 3084 ut
701 3015 850 3107 λυτήριος
873 3020 988 3102 „quod
1011 3019 1090 3084 solvi
1113 3026 1239 3103 potest“
1264 3019 1384 3103 signifi·

278 3142 351 3186 carc
373 3128 492 3206 putem.
537 3123 617 3187 Tum
641 3124 719 3188 dicit
734 3123 905 3206 Dejanira:
932 3143 1092 3205 „quanam
1107 3123 1232 3187 ratione
1248 3123 1384 3187 habeam

279 3224 445 3289 delebilcm
461 3225 623 3291 dolorem“
640 3265 678 3274 —-
696 3227 788 3290 venia
811 3227 853 3289 sit
875 3223 1028 3289 vocabulo
1044 3225 1240 3306 „delebilis“,
1262 3247 1324 3309 quo
1340 3225 1384 3289 le·

279 3347 387 3410 porem
408 3329 529 3392 imitari
552 3334 686 3392 conatus
708 3348 778 3392 sum
800 3367 841 3377 -
856 3328 876 3390 i.
895 3348 921 3391 e.
946 3347 1107 3411 „quanam
1128 3331 1252 3393 ratione
1274 3328 1384 3394 dolore

279 3450 340 3512 quo
363 3453 433 3495 sum
456 3430 573 3494 affecta
595 3430 725 3495 liberari
747 3431 874 3514 possim,
897 3430 931 3495 id
953 3430 1042 3495 vobis
1064 3430 1205 3511 dicam“;
1234 3451 1316 3515 quae
1338 3431 1384 3494 sic

278 3538 409 3597 notatur
438 3534 613 3611 sententia,
647 3554 686 3596 ex
716 3533 802 3597 omni
830 3537 922 3615 parte
950 3532 1106 3616 Sophocle
1135 3539 1183 3596 cst
1212 3533 1318 3615 digua.
1343 3575 1381 3582 -

278 3635 472 3699 Mentionem
495 3634 623 3699 fecerim
646 3635 742 3699 etiam
766 3634 911 3699 vocabuli
935 3629 1105 3720 διυβόρος,
1143 3635 1229 3717 quod
1256 3635 1290 3698 in
1318 3657 1384 3699 una

277 3738 452 3820 eademque
474 3736 718 3802 Trachiniarum
740 3736 850 3802 fabula
871 3743 905 3801 ct
926 3739 1046 3802 active:
1070 3759 1098 3799 v.
1126 3741 1207 3801 1084
1230 3736 1325 3804 (Phil.
1349 3741 1382 3821 7)

277 3846 310 3903 et
333 3840 473 3923 passive:
513 3863 540 3904 v.
565 3845 626 3905 676
658 3840 780 3905 dictum
810 3841 1005 3920 invenimus;
1046 3860 1104 3902 nec
1133 3839 1260 3904 silentio
1289 3840 1383 3905 velim

277 3942 461 4019 praeterire,
485 3942 659 4008 insolenter
681 3942 749 4008 iere
771 3947 899 4028 potitam
923 3943 1113 4008 substantivi
1135 3941 1273 4030 γινὲτής,
1297 3943 1383 4026 quod

278 4037 373 4118 vulgo
395 4046 520 4121 patrem
543 4044 685 4109 indicare
709 4051 851 4126 constat,
875 4047 939 4109 vim
962 4046 995 4109 in
1017 4045 1211 4110 contrariam
1233 4051 1383 4122 mutasse,

280 4189 483 4200 ...———-——--⁴—

350 4283 372 4353 ¹)
407 4279 534 4336 Meincke
555 4280 621 4334 Oed.
641 4281 697 4336 Col.
715 4282 817 4351 p.13'l.

347 4370 369 4439 ²)
405 4371 495 4439 Lepor
514 4370 659 4424 verborum
678 4372 706 4423 in
724 4373 819 4438 aperto
838 4372 888 4422 est.

347 4458 370 4529 3)
407 4458 442 4513 cf.
461 4457 661 4513 Schneidewini
680 4458 894 4512 adnotationem.
