3600 5334
818 605 856 666 51

284 799 393 860 nostro
414 793 498 858 fero:
523 793 594 874 „ich
616 793 671 859 bin
687 792 746 856 Dir
767 793 850 857 auch
872 797 948 875 gut“
973 795 1076 860 simile
1098 801 1147 860 est
1161 799 1196 876 ¹),
1219 818 1384 881 compara-

283 903 372 975 rent3
395 901 528 980 possunt
543 895 722 978 comparari
735 895 925 960 Germanica
936 896 1093 962 vocabula
1108 897 1207 977 „haz“
1224 904 1258 962 et
1274 905 1389 978 „sorn“

284 999 391 1062 media
412 1004 519 1062 aetate
541 997 572 1062 vi
595 997 849 1080 reprehensionis
871 999 1026 1082 praedita
1043 1037 1085 1049 —
1107 1000 1146 1065 In
1167 1023 1196 1064 v.
1211 1007 1288 1064 454:
1312 995 1392 1082 ἆμοὶ

289 1103 414 1184 Φοῖβος
426 1093 541 1188 ἤνοοέν
556 1120 640 1162 ποτε
662 1121 813 1181 quorsum
836 1100 950 1165 tendat
970 1102 1110 1166 aoristus
1126 1089 1240 1188 ἢνινοεν
1262 1103 1392 1168 Schnei-

284 1203 426 1266 dewinus
455 1201 618 1284 cognovit,
654 1203 709 1284 qui
739 1201 852 1266 relicta
881 1203 1060 1268 Hermanni
1091 1206 1251 1270 sententia
1279 1205 1392 1286 „effec-

284 1309 353 1368 tum
385 1302 491 1367 dedit“
525 1303 589 1368 vim
618 1304 763 1368 vocabuli
793 1325 861 1369 esse
894 1305 949 1370 ille
981 1308 1144 1389 putantis,
1178 1313 1211 1372 et
1233 1307 1392 1372 Dindorfii

283 1425 347 1470 uon
377 1411 526 1472 accurate
554 1405 743 1489 explicantis
778 1406 920 1485 „edidit“
959 1409 991 1472 in
1022 1410 1108 1474 hunc
1137 1411 1268 1474 modum
1296 1411 1392 1475 verba

283 1507 466 1571 transtulit:
508 1507 610 1586 „eiust
640 1507 835 1572 verkiindete
864 1509 914 1573 als
942 1511 976 1574 in
1007 1511 1179 1595 Erliillung
1215 1513 1388 1595 gehende.“

283 1610 322 1674 cl.
347 1609 382 1672 0.
396 1609 433 1672 R.
448 1613 519 1672 720.
555 1609 709 1674 Similiter
725 1632 783 1675 uos
798 1610 934 1676 dicimus
956 1613 1093 1678 ironice:
1118 1636 1152 1677 es
1173 1613 1263 1678 hatte
1280 1636 1313 1678 es
1335 1637 1392 1679 ne-

285 1710 402 1775 tiirlieh
417 1710 574 1774 Niemund
598 1711 727 1792 gethan,
750 1713 909 1778 neminem
931 1737 965 1780 se
987 1716 1100 1781 fecisse
1122 1717 1302 1780 confessum
1323 1722 1392 1782 esse

282 1813 419 1895 intelligi
441 1813 593 1878 volentes

782 2117 809 2200 ς.
836 2121 884 2182 ιε.

369 2278 644 2358 Quemadmodum
676 2301 715 2344 ex
745 2280 927 2344 accusativo
950 2280 1066 2364 objecti
1098 2278 1180 2360 ἔντος
1211 2283 1261 2348 vel
1295 2285 1392 2348 simili

283 2382 424 2458 verbum,
449 2383 501 2446 cui
523 2383 577 2448 ille
600 2383 772 2466 adjunctus
797 2391 855 2462 est,
878 2382 1037 2447 rationem
1060 2384 1188 2449 dicendi
1211 2372 1392 2469 sighificare

282 2485 491 2566 cognoscitur,
515 2486 560 2549 sic
582 2485 755 2549 multorum
779 2485 947 2550 uerborum
970 2487 1086 2550 visita
1107 2494 1254 2567 novat-ur,
1289 2495 1326 2552 nt
1347 2491 1392 2553 eis

282 2587 451 2664 indicetur,
467 2608 606 2669 quanam
622 2588 747 2652 ratione
756 2587 790 2651 id
801 2587 868 2666 fiat,
884 2589 970 2671 quod
987 2588 1111 2672 objecto
1128 2596 1269 2654 notatur.
1282 2628 1320 2638 -
1340 2591 1392 2656 Sic

284 2685 388 2774 ἔκειρε
410 2684 511 2776 φόνον
543 2689 576 2753 in
599 2689 649 2771 Aj.
674 2693 712 2751 55
742 2696 827 2752 recte
857 2711 877 2754 a
899 2689 1073 2754 scholiasta
1095 2693 1269 2756 recentiore
1293 2695 1392 2777 expli-

285 2797 392 2855 catur:
426 2785 541 2876 κείρων
564 2785 703 2876 ἐποίησε
732 2797 764 2854 et·
790 2796 868 2855 1287
901 2795 1050 2879 κοιφιεῖν
1072 2787 1160 2875 ἅλμα
1190 2794 1230 2859 ab
1261 2795 1390 2860 eodem:

286 2889 423 2981 πήδημα
445 2896 568 2980 κοῦφον
589 2889 743 2980 ποιήσειν
759 2895 797 2970 2).
832 2893 871 2957 cf.
896 2895 971 2958 Eur.
998 2895 1107 2978 Suppl.
1143 2901 1233 2960 1047.
1257 2934 1299 2946 —
1344 2899 1391 2964 De

284 2995 365 3060 Phil.
391 3000 469 3060 303:
495 2991 711 3082 ἐξεμπολήσει
734 2994 848 3080 κέρδος
869 2996 985 3061 sufficit
1006 2997 1165 3063 Dindorfii
1186 3000 1391 3084 adscripsisse

282 3098 538 3176 adnotationem,
573 3119 655 3181 quae
684 3097 764 3162 haec
791 3105 856 3163 est:
897 3099 1109 3183 „negotiando
1136 3100 1259 3165 luorum
1284 3101 1389 3181 faciet,

284 3206 321 3263 ut
342 3198 457 3285 κέρδος
479 3197 629 3281 ε’μιιολᾶν
662 3200 774 3264 Traoh.
800 3197 871 3266 93“.
904 3242 943 3252 -
989 3203 1088 3266 Porro
1118 3202 1263 3267 conferas
1292 3203 1388 3268 haec:

284 3301 319 3366 Ο.
344 3303 381 3364 R.
406 3307 483 3366 795:
515 3295 649 3388 ι’ύστροις
671 3299 923 3388 ἐκμετρούμενος
942 3300 1050 3386 χθόνα
1065 3309 1096 3387 3)
1117 3326 1304 3390 permensus
1326 3311 1389 3370 ter·

281 3426 335 3468 ras
358 3404 546 3468 ducentibus
568 3404 663 3466 astris
679 3405 726 3487 ⁴);
765 3406 814 3488 Aj.
842 3411 940 3470 1204:
974 3402 1118 3488 ἕννυχίαν
1146 3405 1265 3494 τέρψιν
1288 3401 1390 3473 ἰαύειν

282 3514 440 3573 nocturna
468 3505 632 3590 voluptate
656 3507 762 3589 quiete
789 3507 851 3572 frui
868 3512 906 3592 ⁵).
930 3547 971 3556 -
1017 3511 1105 3588 Quae
1134 3510 1166 3574 in
1188 3509 1225 3574 0.
1249 3510 1328 3573 Μ
1345 3509 1389 3574 le-

281 3616 401 3692 guntur
423 3609 538 3673 verba:

409 3705 502 3788 τίνας
523 3701 609 3775 ποθ’
630 3705 726 3795 ἕδρας
747 3705 847 3776 τάσδε
866 3734 927 3794 μοι
948 3708 1088 3792 θοάζετε

337 3975 356 4040 1)
391 3973 485 4027 Simile
505 3977 547 4026 est
566 3974 638 4042 quod
656 3974 685 4026 in
703 3973 733 4027 0.
747 3973 775 4028 G.
795 3975 846 4026 518
864 3975 981 4045 legitur:
1001 3978 1121 4049 στέρξον,
1141 3975 1167 4028 σ’
1187 3975 1296 4030 ἱκετεύω
1312 3981 1387 4034 idem

265 4063 337 4115 sfere
350 4059 509 4130 significans
528 4062 602 4128 quod
620 4063 648 4113 in
668 4062 794 4130 sequenti
811 4080 905 4117 versu:
925 4066 1035 4116 πείθου.
1073 4066 1236 4120 Germanice
1252 4084 1303 4120 nos
1321 4067 1387 4121 dici-

278 4167 355 4204 mus:
385 4147 470 4202 Thu’s
488 4147 542 4200 mir
559 4165 593 4200 zu
610 4147 703 4202 Liebe.

332 4239 355 4302 2)
391 4235 525 4288 Wunder.
543 4234 572 4288 in
591 4235 749 4288 recensione
767 4235 859 4304 Ajscis
878 4253 894 4288 a
912 4235 1052 4291 Lobeokio
1071 4238 1139 4292 editi
1157 4256 1185 4307 p.
1202 4238 1236 4291 78
1249 4256 1308 4309 sqq.

331 4324 357 4394 ³)
393 4322 572 4378 Proverbium
589 4325 698 4390 spectat
714 4322 869 4390 Sophocles.

330 4413 352 4480 4)
387 4411 485 4465 Bonita
503 4410 532 4463 Z.
551 4410 570 4462 f.
589 4413 614 4463 ὃ.
633 4409 664 4464 G.
685 4412 870 4478 rumpens.

330 4499 354 4568 ⁵)
391 4497 426 4553 cl.
444 4498 573 4554 verbum:
600 4492 699 4556 νύκτας
717 4492 810 4551 ἰαύειν.
