3600 5334
820 601 859 661 49

290 787 310 852 i.
335 811 361 853 e.
401 789 548 872 precibus
579 789 718 872 aliquem
749 788 888 852 adeundi
918 793 1126 871 usurpatum,
1171 809 1266 871 porro
1296 788 1393 852 haec:

291 895 412 954 σαοσοῢ
427 885 641 976 πρόσσρσπον
663 891 743 954 Phil.
759 895 829 970 773,
852 885 874 976 ἥ
890 886 1052 954 cemelici
1068 886 1107 976 δὴ
1124 889 1260 976 λιπαρεῖ
1274 883 1416 976 προό-Ι

292 1013 390 1080 στην
410 990 479 1078 χερὶ
501 993 550 1073 El.
568 998 646 1056 1378
669 995 688 1057 i.
707 1015 733 1056 e.
758 1014 839 1076 quae
862 1013 957 1075 saepe
979 999 1011 1056 te
1027 1000 1176 1075 precatus
1198 1015 1268 1056 sum
1282 998 1317 1071 ¹),
1341 987 1398 1056 σὸν

291 1091 421 1181 φθόνον
443 1093 479 1160 dd
501 1089 689 1181 πρόσκυσον
711 1096 731 1158 i.
748 1115 775 1158 e.
799 1095 980 1158 venerando
1003 1101 1129 1174 averte,
1168 1095 1217 1158 vel
1244 1102 1282 1158 ut
1308 1094 1399 1158 seho·
1446 1173 1448 1179 Ι

292 1196 388 1261 liasta
410 1195 566 1280 explieat:
592 1191 728 1260 iidoaoo
749 1191 808 1262 νόν
830 1191 960 1283 φθόνον
976 1199 1014 1277 2).

379 1299 663 1364 Considerantibus
693 1299 783 1363 nobis
811 1320 919 1375 usum,
957 1319 996 1361 ex
1024 1321 1086 1381 quo
1117 1299 1214 1362 verba
1243 1299 1399 1362 nonnulla

292 1403 337 1466 ita
359 1401 628 1481 transferuntur,¹
646 1407 682 1464 ut
704 1401 862 1464 rationem
885 1399 1013 1463 dicendi
1037 1397 1232 1482 significent,
1261 1423 1325 1465 non
1348 1423 1399 1465 ve-

292 1504 427 1568 rendum
450 1510 518 1583 est,
556 1504 633 1587 quin
662 1523 682 1566 a
710 1504 762 1566 via
792 1503 1005 1580 declinemus,
1043 1503 1069 1566 si
1098 1503 1193 1566 verba
1220 1503 1345 1567 ferendi
1367 1511 1400 1568 et

291 1606 442 1690 portandi
463 1605 653 1689 metaphora
677 1605 838 1683 omnibus,
861 1610 897 1668 ut
920 1605 1061 1681 videtur,
1091 1604 1217 1687 populis
1240 1607 1399 1670 communi

292 1709 356 1771 vim
380 1707 549 1770 nuntiandi
573 1708 716 1791 accipe-re
739 1727 1038 1786 commemoremus3
1073 1704 1183 1793 φέρειν
1205 1710 1399 1792 saepissime,

293 1808 464 1873 dummodo
480 1810 667 1873 nuntiaturo
691 1810 752 1873 iter
768 1808 950 1873 iaciendum
970 1809 1020 1886 sit,
1043 1810 1213 1873 nuntiandi
1237 1811 1399 1875 notionem

293 1911 410 1976 habere
433 1918 560 1976 constat
575 1914 619 1992 ³);
649 1913 783 1976 eandem
808 1912 932 1996 accepit
954 1912 986 1974 in
1010 1912 1058 1974 El.
1078 1917 1139 1974 670
1162 1912 1292 1975 verbum
1314 1933 1400 1998 πορ-

293 2009 394 2094 σόνω,
434 2015 611 2098 quodcum
634 2015 728 2096 vulgo
753 2013 946 2098 „praebere“
971 2013 1144 2096 significet,
1181 2015 1213 2077 in
1237 2015 1300 2078 vim
1325 2036 1401 2098 „per

292 2117 441 2179 nuntium
449 2117 654 2199 praebendi“‚
670 2119 687 2180 i.
701 2137 726 2180 e.
748 2117 958 2196 „nuntiandi“
970 2116 1065 2196 abiit;
1089 2116 1296 2181 consimiliter
1304 2118 1399 2182 verbo

295 2216 475 2304 παραφέρω
496 2219 529 2281 in
552 2219 587 2282 Ο.
613 2219 648 2282 O.
676 2223 754 2282 1675
786 2220 875 2282 notio
906 2219 1060 2282 narrandi
1084 2219 1268 2301 subjicitur,
1303 2228 1339 2283 ut
1367 2222 1400 2283 in

293 2342 385 2385 versu
417 2343 543 2404 quoque
566 2321 730 2404 Euripidis
755 2321 823 2404 lpl'r.
849 2321 921 2384 Aul.
948 2324 1073 2400 9814),
1098 2328 1130 2385 ο1
1151 2317 1312 2408 ἐπιστολή
1334 2329 1401 2386 tam

294 2423 463 2507 epistolam
487 2444 583 2506 quam
606 2423 793 2486 mandatum
817 2421 988 2506 significat,
1012 2423 1050 2485 cf.
1077 2423 1124 2505 Aj.
1143 2429 1223 2488 781:

425 2521 555 2606 πέμπει
577 2548 619 2606 με
641 2522 696 2589 σοὶ
718 2522 860 2611 φέροντα
882 2518 977 2589 τάσδ’
1000 2520 1181 2602 ἐπιστολὰς

427 2631 567 2712 Τεῦκρος
590 2623 770 2714 φυλάσσειν
777 2655 787 2707 ,·

296 2747 431 2810 quorum
447 2729 615 2802 verborum
632 2731 792 2793 sententia
808 2729 887 2793 haec
903 2733 967 2793 est:
993 2730 1112 2808 „mittit
1134 2751 1183 2792 me
1207 2731 1262 2812 qni
1285 2737 1321 2792 ut
1342 2731 1401 2793 tibi

295 2830 437 2894 nuntiem
463 2831 541 2894 haec
564 2832 717 2895 mandata
741 2853 846 2896 curem
871 2831 1030 2912 Teucer“;
1054 2838 1086 2894 et
1109 2831 1143 2895 Ο.
1169 2832 1202 2896 C.
1231 2837 1329 2896 1601:

423 2925 517 2996 τάσδ’
541 2930 722 3010 ἐπιστολὰς
744 2929 918 3019 πόρευσαν.

297 3035 439 3119 Denique
463 3036 633 3100 admodum
657 3037 778 3120 poetice
802 3037 833 3098 in
855 3037 902 3100 lll.
928 3040 990 3100 873
1012 3040 1108 3120 poeta
1131 3038 1228 3102 dixit:

425 3137 514 3224 φέρω
535 3133 596 3224 γὰρ
620 3133 740 3225 ἦόονός
761 3161 797 3202 νε
818 3132 1047 3218 κάνάπαυλαν,

296 3239 349 3302 sed
373 3247 409 3302 ut
430 3262 569 3322 quanam
592 3244 716 3305 ratione
738 3242 870 3325 propria
899 3241 1089 3324 significatio
1119 3241 1151 3304 in
1175 3262 1289 3304 novam
1313 3247 1401 3306 tran-

295 3341 392 3420 sierit,
415 3345 581 3426 perspicue
604 3350 822 3425 cognoscatur.
850 3383 884 3392 —
927 3345 974 3408 Ad
1000 3344 1088 3407 aliud
1111 3364 1210 3426 genus
1233 3344 1400 3409 vorborum

295 3444 341 3508 ita
356 3445 597 3522 translatorum,
619 3452 656 3508 ut
672 3447 797 3510 dicendi
813 3447 971 3510 rationem
988 3445 1176 3528 significent,
1202 3447 1399 3510 transiturus

297 3547 392 3610 verba
414 3540 535 3630 όλβίζω
565 3554 597 3611 et
617 3544 785 3633 μακαρίζω
808 3571 827 3611 a
850 3550 980 3632 propria
1003 3550 1047 3625 vi,
1079 3569 1160 3630 quae
1184 3553 1232 3611 est
1256 3548 1399 3628 „felicem

295 3648 435 3732 aliquem
447 3649 611 3730 reddere“,
628 3650 715 3713 abire
731 3652 761 3713 in
781 3652 879 3716 haino:
899 3651 1043 3732 „felicem
1055 3651 1269 3734 praedicare“,
1286 3651 1401 3716 deinde

296 3838 501 3846 ——-

351 3954 372 4021 1)
410 3949 564 4022 προστάτης
582 3953 705 4020 supplex.
729 3952 760 4005 Ο.
779 3954 805 4006 O.
829 3954 904 4006 1171.
927 3953 1002 4007 1278.
1043 3953 1175 4006 Similiter
1198 3970 1248 4006 nos
1271 3953 1399 4007 dicimus:

296 4040 362 4108 „loh
380 4044 452 4092 trete
471 4055 520 4093 vor
537 4040 616 4108 nich,
637 4039 730 4092 (1011]ι

349 4128 371 4197 ²)
406 4127 487 4180 Hunc
509 4143 619 4180 versum
643 4129 672 4178 et
695 4144 741 4180 eos
765 4129 928 4194 quibuscum
947 4128 1119 4180 consociatus
1137 4129 1251 4180 estnon
1269 4127 1400 4180 delendos

296 4233 355 4270 esse
371 4217 482 4283 praeter
499 4215 567 4267 alios
586 4215 708 4267 ostendit
725 4214 880 4267 Wunder-us
897 4216 927 4267 in
945 4216 1066 4268 adverss.
1085 4216 1114 4267 in
1132 4215 1202 4267 Phil.
1222 4233 1248 4283 p.
1265 4218 1304 4268 13.
1328 4218 1366 4266 14.

348 4304 372 4371 3)
407 4302 518 4356 Lobeck
536 4303 571 4356 ad
592 4302 635 4372 Aj.
655 4302 714 4356 798.

349 4392 372 4459 ⁴)
408 4390 443 4445 cf.
462 4393 587 4445 nostrum
606 4389 805 4458 iiberbringen‚
834 4389 1000 4459 vorlrringen
1021 4390 1085 4460 (ie.
1105 4390 1215 4460 eloqui).
1253 4388 1400 4461 ἀναφέρω

296 4480 331 4533 ab
350 4479 490 4535 Herodoto
509 4495 590 4548 saepe
608 4497 640 4532 eo
656 4479 738 4532 modo
755 4481 912 4545 usurpatur.

1154 4588 1171 4635 4
