3600 5334
914 604 956 666 54

383 794 445 858 iter
467 793 645 874 significare
660 814 723 860 nou
740 797 971 874 coguoverunt:
994 791 1155 875 designari
1179 792 1262 856 hanc
1277 795 1487 860 sententiam:

386 895 551 979 ,Namque
573 895 729 980 proficisci
752 917 816 960 non
839 895 1033 972 dubitamus,
1065 897 1092 959 si
1114 895 1244 978 quidem
1266 895 1325 960 tibi
1347 896 1488 980 mihique

384 999 429 1063 sic
452 997 628 1082 placuerit“
659 1003 725 1062 tres
746 999 885 1063 maxime
906 1004 982 1062 suut
1003 1018 1118 1061 causae
1140 1019 1197 1062 cur
1226 997 1420 1063 existimem:
1459 1005 1485 1062 1.

384 1101 469 1185 quod
499 1097 640 1186 ἐπείπερ
671 1123 733 1164 nou
764 1100 925 1184 significat
949 1101 1025 1182 ,si“,
1049 1100 1104 1164 sed
1129 1101 1337 1182 ,siquidem“,
1359 1106 1393 1164 et
1414 1101 1503 1188 Phi-⁴

384 1204 518 1283 locteta,
547 1211 655 1268 utrum
684 1197 786 1289 αἴρειν
815 1198 931 1268 ἑαυτὸν
954 1226 994 1268 an
1017 1200 1182 1290 φέρεσθαι
1205 1202 1314 1278 malit,
1346 1202 1487 1267 nondum

384 1306 473 1384 dixit,
503 1311 532 1370 2.
556 1306 641 1388 quod
663 1307 697 1370 in
718 1329 747 1370 v.
763 1311 825 1370 889
848 1329 1001 1389 quorsum
1024 1300 1105 1369 αἰνῶ
1127 1300 1206 1369 τάδε
1227 1305 1341 1369 tendat
1362 1305 1423 1370 nisi
1445 1305 1486 1370 ad

383 1407 605 1491 proficiscendi
636 1407 802 1472 consilium
832 1430 896 1473 nou
926 1409 1137 1490 intelligitur,
1174 1429 1247 1472 cum
1279 1408 1326 1471 eis
1358 1408 1486 1471 demum

384 1531 466 1593 quae
498 1515 676 1595 sequuntur
713 1531 745 1574 se
778 1531 798 1574 a
824 1512 934 1575 nautis
971 1510 1046 1576 ferri
1078 1509 1164 1574 nolle
1190 1510 1278 1573 dieat
1298 1509 1486 1590 Philocteta,

385 1616 414 1676 3.
446 1610 530 1694 quod
561 1612 658 1678 verba
687 1607 717 1676 εἰ
739 1611 776 1678 δέ
798 1633 851 1678 σοι
872 1613 997 1695 μᾶλλον
1019 1608 1118 1698 φίλον
1144 1618 1186 1692 (ν.
1203 1616 1307 1693 888),
1344 1612 1371 1676 si
1392 1603 1488 1690 άκνος

385 1713 496 1794 „labor
518 1712 660 1779 ferendi“
692 1721 790 1793 esset,
822 1721 879 1780 aut
900 1721 1123 1799 repeterentur
1150 1734 1243 1777 versu
1258 1718 1335 1793 888,
1370 1721 1428 1779 aut
1456 1716 1486 1779 ei

383 1823 607 1899 repugnarent.
639 1813 743 1894 πόνος
778 1825 885 1882 autem
920 1817 1048 1900 saepius
1081 1817 1145 1880 vim
1174 1814 1325 1881 laboriosi
1362 1817 1487 1882 itineris

384 1917 495 1998 habet,
533 1917 573 1984 cf.
597 1943 624 1982 v.
642 1923 713 1984 248.
739 1924 810 1984 868.
860 1921 962 2002 Aegre
985 1918 1070 1997 fero,
1099 1939 1183 2002 quas
1208 1918 1242 1982 in
1265 1918 1314 2001 Aj.
1335 1922 1416 1982 1112
1443 1921 1487 1984 le-

383 2026 502 2103 gantur
531 2016 645 2107 ὥοπερ
675 2016 834 2087 cinciaco
863 2020 990 2086 πολλοῦ
1011 2017 1119 2106 πλέῳ,
1158 2020 1304 2103 quamvis
1333 2028 1419 2086 recte
1447 2043 1486 2087 ea

383 2122 590 2205 explicaverit
612 2123 798 2190 scholiasta:
821 2118 1063 2211 φιλοκίνδυνοι,7
1077 2143 1099 2187 a
1119 2122 1336 2206 compluribus
1357 2124 1486 2190 editori·

383 2225 441 2290 bus
459 2229 484 2306 ¹)
508 2246 575 2290 esse
597 2232 731 2292 mutata.
756 2265 796 2274 —
826 2227 927 2292 Porro
950 2225 1086 2308 quaein
1110 2225 1192 2289 Phil.
1213 2230 1294 2290 1150
1317 2227 1484 2308 leguntur:

511 2331 598 2415 φυγᾷ
619 2321 653 2410 μ’
675 2322 780 2395 οὐκέτ’
801 2322 861 2393 ἄπ’
883 2320 1004 2392 aritiam
1025 2327 1149 2393 πελάτε

383 2435 508 2495 tantum
538 2432 651 2512 abest,
688 2438 725 2496 ut
755 2433 866 2496 vitium
896 2431 1059 2496 continere
1089 2432 1279 2509 concedam,
1317 2436 1354 2495 ut
1383 2436 1483 2495 artem

382 2537 497 2617 poetae
519 2533 742 2598 admirandam
766 2555 833 2598 esse
856 2553 1016 2612 censeam,
1045 2534 1100 2615 qui
1122 2534 1191 2598 voci
1213 2529 1298 2621 φυγή
1320 2535 1383 2598 vim
1405 2533 1485 2599 cele-

381 2637 487 2700 ritatis
516 2636 687 2719 subjecerit
720 2659 783 2702 non
817 2635 912 2699 nimis
940 2657 961 2698 a
987 2637 1118 2720 propria
1145 2637 1303 2701 diversam
1320 2639 1362 2719 2);
1399 2643 1486 2702 recte

382 2740 466 2803 enim
489 2739 629 2822 explieat
650 2739 823 2804 scholiasta
852 2739 1035 2820 antiquior:
1074 2731 1182 2810 οάκένι
1204 2735 1287 2819 μετὰ
1308 2743 1412 2826 papis
1432 2735 1487 2803 καὶ

382 2835 489 2926 φόβου
511 2839 892 2924 apocatastaticus).
924 2883 962 2894 -
1010 2840 1055 2904 De
1079 2842 1129 2924 Aj.
1154 2845 1230 2905 215:
1269 2837 1407 2927 θανάτῳ
1427 2837 1486 2925 γάρ

381 2936 456 3008 ἴσον
484 2940 600 3021 πάθος
627 2941 782 3009 ἐκπεάσει
811 2945 908 3027 paulo
938 2944 1094 3028 copiosius
1123 2943 1202 3007 mihi
1229 2944 1398 3008 dicendum
1428 2950 1484 3008 est.

382 3117 527 3199 Namque
550 3137 619 3181 cum
645 3117 744 3180 codex
768 3116 862 3182 Laur.
887 3065 1003 3194 crubor
1024 3115 1193 3199 praebeat,
1230 3117 1484 3201 apographorum

381 3226 489 3282 autem
511 3218 576 3282 alia
597 3212 706 3303 βάρος,
730 3218 794 3282 alia
817 3214 933 3296 πάθος
955 3219 1105 3294 habeant,
1126 3219 1265 3302 primum
1288 3217 1485 3283 Dindorfium

380 3327 466 3385 recte
488 3321 605 3385 vidisse
627 3320 831 3385 scribendum
861 3342 928 3385 esse
962 3316 1063 3405 βάρος
1094 3341 1282 3404 persuasum
1316 3321 1394 3384 mihi
1427 3326 1484 3386 est.

382 3423 524 3487 Primum
547 3423 631 3488 enim
652 3416 754 3508 βάρος
775 3443 878 3506 neque
901 3423 1086 3506 conjectura
1102 3444 1204 3505 neque
1220 3424 1485 3506 interpretamen-

380 3533 449 3590 tum
471 3546 540 3589 esse
561 3531 680 3609 potest,
705 3531 818 3589 contra
840 3521 957 3602 πάθος
978 3525 1178 3608 conjecturae
1200 3525 1251 3590 vel
1273 3526 1389 3590 erroris
1410 3527 1485 3590 scri·

433 3785 453 3855 ¹)
489 3787 630 3842 Nauckius
649 3782 739 3856 φόβου
757 3785 883 3854 conjecit,
906 3786 1087 3841 Morstadtius
1102 3784 1211 3857 πόθον,
1236 3790 1362 3859 Seyflerti
1380 3792 1487 3860 conjec-

377 3876 468 3928 turam
488 3874 594 3928 omitto.

432 3961 455 4029 2)
490 3961 624 4030 Compara
642 3964 779 4015 nostrum:
810 3962 862 4014 mit
880 3959 1029 4031 fliiohtiger
1046 3953 1116 4015 Eile.

432 4050 454 4118 3)
491 4050 589 4100 πελάτε
606 4066 662 4103 non
679 4049 824 4102 transitive
849 4049 956 4102 dictum
975 4067 1053 4120 esse,
1084 4067 1154 4118 quae
1172 4051 1324 4105 Hermanni
1348 4052 1402 4107 fuit
1425 4071 1484 4107 sen·

378 4139 474 4208 tentia,
494 4155 528 4191 ex
545 4153 627 4192 versu
647 4137 714 4188 1153
733 4137 915 4206 intelligitur:

607 4220 664 4274 ἀλλ’
685 4221 786 4288 άνέάην
806 4219 854 4275 ὅδε
869 4227 961 4293 χῶρος
979 4219 1101 4295 ἐρύκεται

379 4314 551 4383 negligenter
568 4329 643 4365 nunc
661 4311 695 4364 ab
714 4311 766 4365 hoo
784 4311 844 4365 loco
862 4311 1056 4380 prohibemini,
1074 4313 1092 4366 i.
1111 4329 1134 4366 e.
1152 4330 1208 4366 non
1225 4313 1418 4381 prohibemini.

449 4402 566 4470 Propter
583 4398 730 4453 verborum
749 4399 982 4453 constructionem
1000 4399 1036 4453 οἱ.
1055 4401 1086 4454 0.
1104 4402 1137 4456 a.
1157 4399 1221 4453 997:

608 4481 624 4551 ἡ
642 4480 782 4557 Κόρινθος
799 4482 909 4557 μακρὰν
926 4483 1069 4554 άπρῖκειτο.
