3600 5334
407 1570 597 1656 Sophoclem
620 1592 684 1634 non
707 1568 802 1632 modo
827 1588 883 1630 uos
906 1568 961 1650 qui
983 1568 1078 1632 hodie
1095 1568 1286 1635 Graecorum
1308 1578 1432 1654 tragoe-

322 1673 393 1740 dias
415 1694 538 1739 summo
561 1694 633 1737 cum
657 1670 773 1754 gaudio
797 1668 942 1752 legimus,
964 1670 1106 1734 omnium
1122 1693 1277 1737 consensu
1293 1675 1431 1757 primum

321 1779 407 1841 inter
427 1779 540 1859 politas
562 1773 701 1856 tragicos
723 1771 861 1834 Graecos
884 1769 1055 1850 habemus,
1092 1774 1148 1838 sed
1170 1775 1311 1858 ipsorum
1335 1776 1432 1840 Grae·

323 1899 431 1943 corum
454 1877 509 1960 qui
532 1895 674 1940 summus
697 1874 821 1938 exstitit
840 1871 954 1956 judea·
974 1874 1170 1955 Aristoteles,
1198 1898 1257 1940 nec
1278 1877 1383 1941 minus
1405 1879 1431 1942 si

322 1979 546 2063 Aristophanis
565 1980 591 2058 l)
630 1977 671 2041 ad
709 1975 900 2056 Aeschylum
937 1976 1152 2060 principatum
1189 1979 1363 2043 deferentis
1399 1985 1432 2043 et

322 2081 513 2161 Quintiliani
530 2083 560 2164 2)
582 2079 769 2162 Euripidem
800 2099 878 2161 prae
909 2078 1023 2142 ceteris
1045 2079 1178 2144 colentis
1196 2081 1320 2164 judicia
1342 2103 1431 2146 exce-

321 2185 423 2268 peris,
445 2183 598 2266 quiante
621 2189 653 2246 et
676 2187 748 2265 post
770 2201 842 2243 cnm
865 2179 899 2243 iu
923 2179 1006 2243 hanc
1028 2203 1096 2245 rem
1110 2182 1340 2265 iuquirebant,
1364 2184 1431 2266 pal·

322 2307 405 2350 mam
431 2286 471 2349 ad
496 2281 684 2368 Sophoclem
707 2281 910 2360 deferebant;
942 2287 1071 2365 praeter
1093 2283 1173 2347 alias
1196 2285 1339 2362 virtutes,
1364 2288 1431 2369 qui·

321 2388 380 2452 bus
402 2385 629 2451 enumerandis
651 2406 713 2448 uon
738 2384 833 2448 datus
856 2389 905 2448 est
926 2384 1023 2463 locus,
1049 2374 1186 2450 maxime
1204 2409 1243 2452 ea
1263 2388 1358 2452 laude
1379 2409 1431 2452 ex-

323 2488 412 2555 cellit
428 2489 608 2573 Sophocles,
631 2487 716 2571 quod
738 2486 877 2550 medium
897 2487 983 2550 inter
998 2487 1145 2570 Aeschyli
1161 2489 1431 2571 magnificentiam

321 2598 354 2656 et
376 2591 538 2675 Euripidis
560 2589 796 2654 affectationem
820 2589 914 2672 quasi
935 2610 1063 2653 cursum
1088 2593 1192 2655 tenuit
1208 2594 1248 2675 3).
1294 2592 1432 2656 Novavit

320 2693 375 2758 ille
399 2694 501 2757 multa
525 2714 596 2756 cum
619 2693 652 2756 in
675 2692 833 2755 institutis
854 2691 1049 2775 tragoediae,
1072 2698 1141 2755 tum
1165 2695 1199 2757 in
1222 2693 1343 2775 tragico
1367 2715 1430 2758 ser-

319 2817 422 2875 mone,
447 2796 501 2880 qui
524 2795 601 2878 quid
623 2793 741 2857 habeat
764 2794 796 2856 in
813 2792 978 2877 Sophoclis
999 2794 1175 2877 tragoediis
1196 2797 1328 2879 proprii,
1352 2818 1430 2880 pan-

319 2899 364 2963 cis
386 2897 465 2961 mihi
488 2897 584 2961 liceat
606 2917 772 2980 exponere.
797 2934 839 2944 -
883 2899 930 2959 Ac
951 2898 1091 2980 primum
1114 2898 1244 2980 quidem
1268 2899 1295 2961 si
1317 2897 1431 2963 Graeci

320 3000 510 3084 Sophoclem
533 3003 662 3083 politam
682 2991 945 3086 Ὁμηρικώτατον
960 2999 1109 3064 dicebant
1121 3003 1160 3079 4),
1183 3022 1279 3083 qnam
1295 2999 1329 3064 id
1344 3006 1430 3064 recte

319 3103 470 3182 fecerint,
493 3123 555 3166 non
579 3103 672 3166 modo
696 3123 735 3165 ex
757 3101 852 3165 rebus
875 3102 1032 3180 narratis,
1062 3102 1117 3166 sed
1140 3103 1239 3166 etiam
1262 3124 1300 3166 ex
1323 3122 1429 3184 perso·

319 3206 369 3270 nis
391 3205 541 3288 depictis,
577 3224 657 3286 quas
686 3203 772 3287 apud
802 3211 975 3286 utrumque
1007 3200 1231 3282 „onocoetae
1262 3225 1329 3268 esse
1352 3204 1430 3269 dicit

320 3306 506 3372 Aristoteles
523 3309 567 3387 5),
605 3326 644 3369 ex
673 3324 733 3370 usu
763 3305 988 3370 vocabulorum
1012 3307 1173 3390 epicorum
1196 3312 1229 3370 et
1252 3307 1427 3371 formarum

320 3408 421 3491 (velut
443 3405 555 3472 πέπον
578 3409 612 3472 in
636 3407 714 3472 Oed.
738 3407 805 3473 Col.
830 3413 891 3471 515
910 3410 950 3487 6),
982 3402 1033 3473 ἰδέ
1056 3412 1128 3473 Ant.
1155 3413 1226 3487 969,
1250 3403 1330 3474 ὡσεί
1352 3412 1426 3473 Ant.

319 3515 398 3592 653,
430 3506 570 3576 ἔκτυπεν
592 3531 650 3594 pro
673 3505 854 3597 ἕκτυπήσεν
878 3509 955 3574 Oed.
981 3510 1048 3574 Col.
1075 3515 1174 3591 1456,
1208 3508 1355 3596 φύλοπις
1376 3511 1425 3575 El.

289 3775 293 3780 '
392 3773 412 3842 ¹)
448 3772 477 3825 in
496 3771 581 3825 Ranis
599 3786 624 3822 v.
646 3769 712 3820 1515
732 3785 791 3836 sqq.

388 3859 411 3928 Ι1)
446 3859 475 3911 in
492 3858 624 3912 instituit.
644 3859 714 3910 orat.
734 3857 768 3923 X,
789 3858 811 3924 1,
831 3859 874 3909 68.

388 3947 411 4016 3)
446 3947 499 4002 Dio
518 3945 656 4013 chrysost.
674 3946 756 3998 oratt.
774 3944 808 3997 Π,
827 3963 854 4014 p.
873 3945 940 3998 272:
965 3941 980 3995 ὁ
998 3946 1144 4015 Σοφοκλῆς
1161 3947 1247 4013 μέσος
1264 3945 1352 3998 ἔοικεν
1370 3944 1426 4016 ἀμ-

319 4041 386 4105 φοῖν
404 4031 488 4094 εἶναι,
513 4026 575 4083 οὔτε
599 4026 630 4082 τὸ
654 4026 776 4089 αὔθαδες
798 4034 845 4083 καὶ
869 4028 1026 4084 dulciori
1045 4036 1095 4084 τοῦ
1111 4028 1257 4101 Αἰσχύλου
1274 4034 1347 4102 ἔχων
1364 4029 1425 4086 οὔτε

317 4119 349 4174 τὸ
368 4120 476 4191 ἀκριβὲς
494 4121 540 4172 καὶ
559 4114 644 4190 δριμὺ
662 4121 709 4171 καὶ
727 4115 870 4171 πολιτικὸν
887 4115 919 4170 τὸ
937 4122 987 4171 τοῦ
1004 4117 1160 4191 Εὐριπίδου
1179 4122 1234 4171 κτλ.

387 4209 409 4275 4)
445 4205 608 4260 Eustathiue
626 4207 814 4276 compluribus
832 4207 909 4262 locis.
950 4207 985 4262 cf.
1005 4208 1070 4260 Max
1088 4207 1214 4262 Lechner
1230 4207 1273 4260 Do
1291 4207 1424 4277 Sophocle

317 4300 400 4366 potita
416 4288 628 4364 Ὁμηρικωτάτῳ,
646 4294 784 4363 Erleugee
805 4296 880 4347 1869.

389 4383 412 4451 5)
449 4382 513 4451 περὶ
531 4383 673 4444 ποιητικῆς
690 4397 750 4448 cap.
769 4382 794 4434 3.

388 4469 410 4538 θ)
446 4485 480 4522 ex
497 4467 590 4522 Boihii
607 4467 805 4522 emendatione.
