3600 5334
894 894 963 978 aa.

462 1034 718 1100 Consentaneum
739 1033 818 1098 mihi
841 1032 1067 1110 videturesse,
1090 1039 1128 1098 ut
1148 1034 1269 1112 verbis,
1299 1054 1381 1117 quae
1404 1034 1482 1097 acti·

375 1159 448 1204 vam
470 1137 617 1214 formam,
640 1135 803 1199 notionem
823 1136 985 1217 passivam
1006 1135 1124 1200 habere
1145 1137 1292 1213 vidimus,
1322 1136 1482 1219 adjectiva

375 1241 609 1324 adjungantur,
633 1237 748 1322 quibus
769 1237 979 1302 consimiliter
1000 1258 1021 1301 a
1043 1237 1200 1321 Sophocle
1222 1244 1351 1321 praeter
1372 1237 1482 1320 vulga-

375 1363 441 1406 rem
466 1361 559 1406 usum
581 1340 628 1404 vis
650 1339 777 1424 passiva
799 1339 968 1422 subjicitur
987 1345 1024 1421 ¹).
1069 1339 1209 1404 Multum
1231 1338 1360 1422 quidem
1382 1339 1481 1418 abest,

376 1450 413 1510 ut
441 1443 549 1508 omnia
577 1441 647 1524 ejus
677 1463 753 1506 usus
782 1441 945 1525 exempla,
967 1481 1009 1490 -
1045 1462 1127 1526 quae
1155 1441 1316 1526 permulta
1344 1447 1419 1506 sunt
1440 1479 1481 1488 -

375 1564 563 1610 enumerare
593 1548 691 1627 atque
722 1544 761 1608 de
791 1542 924 1626 singulis
957 1543 1135 1628 quibusque
1168 1543 1293 1627 copiose
1327 1543 1482 1607 disserere

375 1648 487 1727 velim3
525 1646 572 1710 ita
592 1646 699 1730 potius
722 1646 973 1730 disputationem
994 1647 1179 1725 instituam,
1210 1651 1247 1710 ut
1268 1645 1483 1709 audacissima

376 1768 521 1833 quaeque
545 1748 706 1830 exempla,
741 1753 774 1812 et
803 1747 919 1830 quibus
944 1749 1083 1812 maxime
1111 1755 1268 1830 quantum
1290 1749 1405 1830 poetae
1426 1768 1482 1811 no·

375 1853 479 1916 tiones
500 1849 726 1914 vocabulorum
756 1849 902 1914 mutandi
926 1850 968 1914 sit
989 1849 1131 1914 studium
1153 1850 1384 1933 comprobetur,
1408 1869 1482 1913 exa·

376 1955 494 2018 minem
516 1951 776 2034 facilioribusque
798 1957 925 2015 tantum
947 1952 988 2017 ad
1016 1953 1174 2016 rationem
1200 1951 1480 2016 demonstrandam

376 2062 459 2121 utar.
477 2099 516 2108 -
541 2052 738 2119 Vocabulum
760 2048 883 2140 τυφλός
906 2075 1001 2137 saepe
1017 2054 1209 2134 „obscurus“
1225 2054 1341 2132 valere,
1363 2060 1400 2118 ut
1420 2053 1481 2117 La-

377 2159 480 2222 tinum
504 2177 630 2240 quoque
658 2159 820 2236 „caecus“‚
857 2158 943 2220 inter
972 2177 1082 2220 omues
1111 2162 1247 2221 constat.
1304 2155 1351 2220 cf.
1385 2155 1480 2239 Soph.

376 2259 469 2341 frgm.
493 2263 565 2322 533.
590 2263 662 2322 596.
693 2257 729 2322 0.
754 2257 788 2322 Ο.
816 2263 892 2323 182:
917 2251 1051 2344 ἅμαορῷ
1072 2255 1167 2344 κώλῳ
1190 2278 1284 2322 caeco
1305 2258 1388 2340 pedi,
1412 2259 1431 2321 i.
1454 2277 1480 2321 e.

375 2362 450 2446 pedi
471 2359 609 2425 hominis
631 2361 763 2439 caeci2).
808 2360 884 2425 Plus
908 2360 1079 2444 Sophocles
1101 2382 1198 2425 ausus
1220 2366 1277 2439 est,
1299 2380 1357 2424 uec
1372 2367 1481 2425 tamen

375 2468 503 2549 praeter
525 2461 677 2526 similium
700 2462 918 2546 exemplorum
941 2462 1123 2546 analogiam
1145 2463 1283 2541 novavit,
1307 2462 1392 2546 quod
1407 2482 1481 2543 par·

376 2566 523 2650 ticipium
545 2557 672 2650 ὁρῶντα
693 2585 752 2647 pro
775 2557 921 2650 ὁρώμενα
943 2567 1050 2648 posuit
1071 2566 1104 2629 in
1128 2565 1164 2630 0.
1189 2564 1224 2630 C.
1248 2572 1307 2631 74:

505 2657 556 2730 δυ’
578 2657 618 2728 ἂν
639 2663 781 2750 λέγωμεν
802 2660 909 2731 πάνθ’
930 2663 1055 2754 ὁρῶντα
1077 2665 1209 2750 λέξομεν

376 2768 418 2834 ad
440 2787 522 2850 quae
545 2767 642 2833 verba
661 2768 841 2833 Brunclrius
863 2770 1046 2836 adnotavit:
1072 2770 1241 2855 „Tropicet
1265 2769 1399 2850 caligine
1415 2789 1480 2833 non

376 2869 537 2947 obvoluta,
558 2870 736 2953 perspicua,
759 2865 916 2956 ὁρώμενα.
961 2872 1013 2938 Sic
1035 2863 1134 2956 saepe⁴
1152 2873 1289 2938 activam
1309 2871 1397 2936 verbi
1418 2871 1482 2935 for·

377 2993 462 3038 mam
484 2993 542 3056 pro
564 2975 691 3056 passiva
713 2973 844 3038 adhibet
867 2975 1048 3059 Sophocles,
1070 2982 1107 3040 ut
1127 2975 1213 3040 infra
1235 2979 1333 3040 1604:
1356 2970 1483 3052 παντὸς

377 3074 519 3161 δρῶντος
539 3095 599 3158 pro
622 3071 794 3162 δρωμένου,
818 3075 933 3141 Trach.
954 3082 1028 3142 196:
1052 3073 1091 3141 τὸ
1113 3080 1246 3141 ποθοῦν
1267 3099 1326 3162 pro
1347 3073 1481 3142 ποθού-

376 3180 502 3260 μενον.“
549 3177 668 3241 Verum
689 3177 770 3241 vidit
792 3179 851 3244 hoc
873 3179 943 3244 loco
965 3181 1014 3244 vir
1035 3181 1165 3258 doctus,
1202 3179 1304 3244 falsus
1325 3181 1374 3244 es‘t
1395 3183 1429 3245 in
1451 3203 1480 3244 v.

381 3281 477 3358 1282,
511 3277 566 3342 ubi
596 3284 681 3342 recte
703 3278 881 3344 Meinekius
912 3282 983 3364 ipsa
1010 3303 1092 3365 quae
1119 3283 1191 3365 quis
1211 3281 1364 3365 loquatur
1386 3282 1483 3346 verba

378 3375 594 3464 δυσχεραίνειν
616 3385 649 3444 et
669 3377 884 3461 κατοικτίζειν
906 3380 969 3446 dici
991 3385 1120 3463 statuit,
1155 3384 1261 3448 miuus
1288 3391 1374 3448 recte
1396 3383 1480 3447 idem

377 3484 411 3546 in
433 3483 489 3546 illo
512 3475 637 3567 ὁρῶντα
652 3481 758 3547 valere
780 3491 909 3566 putare,
930 3485 1056 3549 etiamsi
1078 3487 1148 3569 ejus
1170 3488 1425 3552 uenerationem
1447 3487 1481 3549 in

377 3584 439 3649 hac
460 3585 653 3666 cogitatione
675 3605 742 3650 esse
765 3606 829 3651 non
852 3606 949 3668 neg03
986 3608 1050 3670 quo
1077 3589 1162 3652 euim
1181 3589 1253 3672 jure
1275 3609 1333 3670 pro
1355 3586 1482 3672 passiva

378 3687 516 3752 activam
546 3686 682 3752 formam
710 3707 828 3770 ponere
858 3710 1011 3771 umquam
1041 3696 1169 3773 poterat
1196 3694 1308 3773 potita,
1346 3690 1408 3754 nisi
1431 3709 1482 3754 res

295 3839 299 3846 .
377 3790 448 3873 ipsa
471 3789 563 3872 quasi
586 3791 663 3872 quid
685 3790 805 3856 faciens
827 3791 1055 3873 cogitabatur?
1111 3793 1224 3856 Nescio
1247 3813 1288 3855 an
1312 3791 1482 3856 Schneide-

379 3893 480 3955 winus
501 3899 586 3954 recte
609 3895 842 3974 comparaverit
865 3893 977 3958 Aesch.
1003 3893 1142 3978 Cboeph.
1166 3898 1244 3958 844:

508 3996 582 4070 πῶς
602 3987 692 4058 ταῦτ’
713 3988 823 4082 ἀληθῆ
845 3991 900 4057 καὶ
922 3993 1090 4078 βλέποντα
1112 3990 1249 4075 δοξάσω,

380 4115 513 4160 rumex
536 4095 646 4176 addito
669 4089 780 4185 ἀληθῆ
802 4098 892 4182 sequi
914 4098 1079 4178 videatur,
1111 4096 1279 4182 βλέποντα
1300 4120 1358 4183 per
1378 4104 1484 4164 trans-

386 4254 584 4262 ——-..--··----

453 4337 475 4405 ¹)
510 4337 608 4391 Struve
626 4355 653 4404 p.
673 4340 705 4390 15
723 4355 763 4406 sq.
854 4365 858 4372 ·

450 4423 472 4491 2)
508 4423 564 4477 Alii
576 4439 636 4477 eam
648 4442 742 4478 vocem
757 4426 808 4480 hoc
821 4427 881 4481 loco
894 4429 1010 4496 aliisque
1021 4430 1181 4499 ,‚infirmus“
1195 4431 1351 4500 significare
1364 4439 1484 4488 censent.
