3600 5334
384 810 430 870 ee,
454 791 507 874 qui
531 788 651 854 nefarie
673 788 749 870 agit,
773 807 854 867 eum,
882 787 916 851 in
940 809 1035 871 quem
1056 785 1179 851 nefarie
1201 786 1322 869 aliquid
1346 786 1490 848 commit·

383 895 479 971 titur,
510 892 667 975 adjectivo
690 885 873 975 ἀλάστορος
894 911 915 954 a
937 887 1093 972 Sophocle
1115 888 1267 967 indicari,
1291 888 1330 951 ad
1355 887 1490 951 scholia·

384 1000 452 1058 stae
481 999 621 1058 mentem
650 993 793 1076 proxime
823 991 948 1056 accedit
974 1011 1077 1073 neque
1099 989 1254 1054 Ellendtii
1276 990 1418 1073 opinioni
1441 1009 1490 1052 re-

384 1102 522 1179 pugnat3
561 1095 676 1159 etenim
706 1093 839 1158 oonsilio
865 1097 995 1177 poetam
1016 1093 1114 1158 verba
1136 1085 1237 1157 ἀλαὸν
1259 1085 1490 1176 ἀλαστόροισιν

382 1197 471 1262 nullo
494 1199 597 1280 spatio
621 1197 724 1262 divisa
746 1196 950 1279 conjunxisse
972 1195 1076 1278 quivis
1090 1194 1185 1259 facile
1200 1195 1369 1277 intelligat.
1413 1194 1491 1258 For-

383 1307 468 1364 tasse
497 1299 620 1381 aliquid
650 1299 776 1364 obscuri
806 1302 969 1377 remanet,
1008 1319 1079 1360 cum
1102 1290 1284 1380 ἀλάστορος
1306 1301 1438 1378 accepta
1460 1296 1489 1359 vi

383 1403 511 1486 passiva
533 1422 599 1464 rem
622 1400 744 1465 nelarie
771 1400 890 1464 factam
919 1397 1099 1482 siguificare
1127 1404 1288 1483 oporteat3
1326 1399 1381 1462 sed
1404 1397 1491 1461 haud

385 1505 526 1566 iterare
548 1501 594 1582 fit,
612 1489 654 1566 ¹ut
676 1503 877 1567 accusativus
899 1503 947 1566 rei
968 1508 1001 1565 et
1022 1521 1177 1584 personae
1200 1501 1240 1565 ab
1263 1501 1375 1565 eodem
1395 1499 1491 1564 verbo

382 1612 528 1686 regatur3
552 1610 678 1683 (nostra
701 1626 758 1669 nos
780 1604 892 1687 lingua
912 1602 1055 1686 praefixa
1070 1602 1194 1685 syllaba
1208 1602 1247 1667 be
1262 1602 1489 1667 discernimus:

384 1705 544 1770 schenken
561 1744 602 1755 —
618 1705 827 1786 beschenken,
851 1705 1025 1788 gehaudelt
1041 1748 1080 1759 -
1098 1705 1295 1784 bohaudelt).
1312 1744 1352 1752 -
1377 1705 1492 1768 Exem-

385 1807 440 1892 pla
457 1809 539 1896 ejus
571 1810 757 1873 mutationis
787 1831 848 1873 nou
880 1809 1007 1872 desunt.
1060 1807 1261 1890 Adjeetivum
1291 1801 1490 1889 ὁμόσπορος,

385 1911 470 1993 quod
493 1911 587 1994 vulgo
609 1909 783 1993 signifieat:
807 1910 847 1975 ab
872 1910 984 1974 eodem
1006 1916 1099 1994 patre
1121 1915 1227 1988 natus,
1251 1910 1284 1972 in
1307 1908 1344 1973 0.
1368 1911 1405 1973 R.
1430 1913 1492 1972 260

384 2014 417 2076 in
440 2014 607 2077 mulierem
630 2011 823 2076 transfertur
844 2033 864 2075 a
887 2012 1010 2077 duobus
1032 2012 1174 2077 maribus
1195 2012 1229 2076 iu
1252 2011 1492 2075 matrimonium

386 2115 531 2194 ductam,
554 2114 640 2196 quod
661 2135 725 2178 uon
748 2114 831 2196 fugit
853 2115 1058 2180 scholiastam
1080 2115 1289 2179 recentiorem
1312 2114 1493 2178 adscriben-

384 2221 466 2280 tem:
490 2209 537 2292 εἷς
557 2206 595 2302 ἢν
617 2210 751 2298 ἔσπειρε
772 2212 828 2279 καὶ
845 2213 968 2292 ἐκεῖνος
988 2212 1044 2279 καὶ
1065 2211 1145 2300 ἐμός
1167 2219 1241 2301 (uos
1266 2216 1490 2281 discernimus:

385 2323 476 2400 gesat
498 2356 539 2368 —
562 2317 685 2402 besiit);
720 2318 980 2382 Schneidewinus
1002 2318 1081 2382 bene
1104 2324 1270 2402 comparat
1290 2340 1319 2383 v.
1342 2322 1413 2396 460,
1437 2318 1492 2382 ubi

386 2421 488 2484 active
512 2421 633 2484 dictum
655 2413 847 2502 ὁμόσπορος
868 2441 888 2483 a
910 2419 1083 2484 scholiasta
1112 2420 1308 2503 explicatur:
1346 2416 1405 2508 τὴν
1434 2413 1493 2483 αό-

384 2517 443 2608 τήν
465 2517 610 2608 σπείρων
631 2523 767 2606 γυναῖκα
786 2525 823 2604 ¹).
878 2523 968 2585 Licet
991 2544 1117 2606 quoque
1140 2521 1278 2586 conferri
1300 2523 1493 2605 adjectivum

385 2618 540 2711 εόμορής,
578 2625 664 2708 quod
692 2624 789 2688 semel
815 2629 943 2688 tantum
972 2625 1057 2707 apud
1080 2624 1268 2708 Sophoclem
1291 2623 1424 2708 legitur,
1461 2630 1493 2690 in

387 2726 436 2790 El.
472 2733 529 2790 179
561 2727 667 2808 ibique
698 2727 852 2808 singulari
882 2727 976 2790 modo
1007 2732 1212 2809 usurpatum,
1250 2728 1371 2792 scilicet
1402 2749 1422 2790 a
1450 2749 1495 2807 re,

387 2847 469 2912 quae
499 2827 593 2892 facile
622 2827 675 2906 fit,
713 2828 754 2891 ad
784 2849 970 2910 personam,
1008 2849 1090 2910 quae
1119 2827 1214 2892 facile
1242 2829 1365 2913 aliquid
1388 2829 1493 2909 efficit,

386 2930 597 2994 translatum:
619 2924 733 3015 χρόνος
754 2926 813 3016 γὰρ
835 2923 976 3016 εὐμαρὴς
997 2924 1080 3006 θεός
1102 2931 1121 2993 i.
1145 2952 1172 2994 e.
1196 2933 1304 2995 omnia
1325 2933 1393 2997 dies
1415 2939 1495 2996 tem·

387 3053 510 3116 pusque
534 3030 647 3096 afferet
664 3034 700 3111 2).
725 3069 765 3080 -
803 3035 845 3096 At
867 3032 932 3095 alia
954 3032 1109 3095 nonnulla
1132 3032 1302 3114 adjectiva,
1331 3056 1413 3117 quae
1435 3056 1494 3118 pro

386 3135 491 3199 activa
512 3135 671 3217 passivam
693 3135 757 3197 vim
779 3134 910 3212 habent,
934 3135 1178 3199 consideremus.
1229 3136 1267 3199 ln
1289 3157 1328 3200 ea
1350 3158 1384 3201 re
1406 3138 1492 3219 quod

388 3233 535 3322 ἔμφοβος
556 3235 651 3318 vulgo
674 3237 856 3315 timentem,
893 3236 1061 3318 pavidum,
1098 3237 1192 3301 1110.
1217 3237 1251 3302 C.
1276 3243 1315 3302 29
1345 3261 1417 3303 eum
1440 3241 1495 3322 qui

387 3345 541 3404 terrorem
564 3338 669 3421 injicit
691 3337 864 3420 significat,
888 3360 951 3402 non
974 3338 1189 3421 offendemus,
1212 3341 1239 3404 si
1261 3341 1495 3406 substantivum

388 3437 493 3529 φόβος
521 3445 657 3523 utroque
687 3440 781 3505 modo
811 3441 960 3524 usurpari
977 3443 1024 3522 ³),
1059 3463 1163 3524 neque
1186 3442 1280 3507 aliter
1301 3443 1494 3526 adjectivum

460 3777 480 3844 ¹)
514 3775 679 3844 Metaphora
696 3779 731 3830 ab
750 3777 824 3846 agnis
843 3779 1004 3847 spargendis
1024 3783 1134 3848 sumpta
1151 3780 1224 3849 apud
1242 3783 1352 3849 politas,
1376 3780 1495 3832 maxime

388 3864 461 3934 apud
479 3863 644 3931 Sophoclem
662 3865 764 3917 usitata
784 3868 840 3918 est:
872 3861 967 3924 όλοκες
985 3866 1016 3921 Ο.
1035 3867 1067 3921 R.
1090 3869 1169 3937 1210,
1201 3862 1305 3938 ἄρουρα
1325 3867 1355 3922 0.
1373 3869 1405 3922 R.
1429 3869 1494 3920 1257

388 3951 487 4006 Aeseh.
507 3951 581 4020 Sept.
601 3949 660 4004 753.
679 3981 713 3990 —
749 3952 814 4004 Ant.
835 3955 899 4006 569:

517 4033 654 4109 ἀρώσιμοι
671 4035 725 4110 γάρ
743 4041 796 4092 εἰσι
809 4036 936 4111 χάτέρων
955 4036 1029 4110 γόοι.

389 4126 424 4180 of.
443 4126 540 4181 Traoh.
561 4127 594 4178 32
614 4143 673 4196 sqq.

459 4214 482 4282 2)
518 4214 553 4268 of.
571 4214 632 4268 Lat.
651 4213 776 4283 ,‚faeilis“
796 4215 830 4268 de
848 4216 972 4283 personia
990 4219 1161 4284 usurpatum.

459 4301 482 4369 3)
517 4303 549 4354 lu
567 4301 638 4354 Phil.
659 4304 723 4354 1251
745 4298 832 4371 φόβος
850 4320 936 4370 prope
955 4304 990 4356 ad
1007 4306 1147 4357 notionem
1165 4303 1288 4355 minandi
1307 4303 1416 4356 accedit
1434 4303 1451 4355 i.
1471 4320 1496 4357 e.

389 4388 479 4441 verbis
498 4387 581 4441 alicui
603 4391 738 4440 terrorem
759 4389 909 4456 injiciendi.
945 4391 1041 4444 Utitur
1063 4395 1146 4460 poeta
1169 4407 1201 4441 eo
1227 4391 1360 4444 vocabulo
1384 4395 1497 4458 propter

389 4475 418 4528 id
436 4476 508 4543 quod
527 4476 667 4529 antecedit
686 4481 777 4544 φοβεῖ.
