3600 5334
827 619 867 680 53

427 799 549 889 τόσσην
570 796 602 867 ol
621 793 696 866 ἷίσιν
717 797 916 886 καθύπερθε
937 797 1086 886 καλύψω,

299 909 318 972 i.
337 929 364 972 e.
387 902 561 970 καλύπτων
584 899 740 984 tmolum
766 905 808 969 ad
830 905 922 986 eujus
942 905 1183 969 similitudinem
1206 905 1317 970 referri
1332 910 1402 989 pot-

299 1016 363 1090 est,
396 1010 481 1093 quod
510 1008 607 1092 paulo
638 1009 768 1072 liberius
797 1008 918 1072 dietum
948 1008 981 1070 in
1006 1007 1055 1089 Aj.
1080 1012 1141 1072 687
1175 996 1313 1091 legitur?
1344 1004 1404 1090 μοὶ

298 1107 378 1178 τάδε
401 1115 518 1193 τιμᾶτε
539 1112 560 1175 i.
584 1132 611 1175 e.
636 1110 765 1175 honoris
787 1131 884 1174 causa
905 1108 985 1172 mihi
1006 1108 1066 1173 hoo
1088 1109 1228 1175 tribuite.

385 1212 659 1278 Substantivorum
686 1234 810 1296 quoque
833 1213 964 1296 propria
985 1212 1032 1275 vis
1054 1213 1101 1276 ita
1122 1217 1271 1290 novatur,
1295 1217 1331 1276 ut
1351 1233 1404 1276 ra-

301 1316 421 1380 tionem
445 1315 522 1379 faeti
544 1315 702 1394 iudicent;
747 1322 785 1379 ut
814 1311 894 1401 ἔρως
922 1313 1110 1379 beneficium
1136 1313 1314 1398 signifieat,
1352 1314 1402 1378 eui

300 1419 480 1503 oppositum
504 1413 719 1502 στυγούμενον
742 1419 868 1498 ,odiose
884 1419 1024 1482 faetum“
1049 1423 1099 1481 est
1116 1419 1153 1500 ¹),
1174 1413 1267 1503 χάρις
1286 1416 1404 1482 beneti-

301 1523 384 1585 oium
408 1522 472 1584 sive
496 1522 601 1602 gratia
622 1521 724 1584 relato
747 1520 828 1584 Phil.
853 1526 932 1598 557,
964 1517 1219 1606 προσωφέλησις
1239 1519 1318 1583 utile
1339 1518 1404 1582 fao-

301 1630 390 1702 tum,
424 1617 516 1708 ὕβρις
544 1608 720 1687 iusolenter
748 1622 869 1686 factum
892 1622 1006 1704 Traeh.
1030 1626 1092 1686 888
1114 1660 1157 1670 -
1192 1623 1226 1685 in
1254 1643 1317 1705 quo
1339 1643 1404 1685 nou

302 1726 412 1790 debuit
434 1724 594 1789 offendere
626 1723 805 1805 Nauokius,
839 1747 910 1789 oum
942 1745 1094 1789 numerus
1121 1723 1277 1805 ejusmodi
1300 1744 1404 1787 exem-

302 1829 426 1912 plorum
457 1849 514 1911 per
543 1827 585 1891 sit
613 1847 762 1910 magnus,
798 1848 934 1911 quorum
963 1848 1062 1891 unum
1094 1827 1135 1891 ad
1161 1825 1404 1890 Trachiniarum

301 1931 405 1996 locum
429 1929 541 1994 attulit
555 1928 753 1995 Ellendtius:
776 1926 865 2017 λα’βη
887 1930 936 1994 El.
953 1933 1025 1994 884.
1071 1930 1181 1993 Liceat
1202 1928 1281 1992 mihi
1303 1947 1407 2011 panea

302 2054 384 2116 quae
407 2033 446 2096 de
462 2031 575 2096 Traeh.
598 2054 627 2095 v.
642 2037 704 2097 888
727 2033 862 2098 dicenda
876 2033 1013 2096 habeam
1035 2032 1162 2097 addere.
1216 2030 1299 2109 Quia
1319 2030 1406 2093 euim

301 2136 472 2217 insequens
487 2155 595 2199 versus
618 2135 798 2199 trimetrum
822 2135 918 2199 efficit
940 2141 1037 2218 atque
1052 2133 1108 2198 ille
1123 2133 1191 2217 ipse
1206 2134 1251 2198 sio
1266 2138 1406 2196 structus

302 2244 367 2315 est,
398 2243 435 2301 ut
456 2244 582 2300 tantum
605 2259 689 2301 unus
711 2259 767 2322 pes
790 2238 1004 2315 desideretur,
1036 2237 1127 2301 illum
1151 2257 1276 2320 quoque
1299 2235 1407 2299 trime-

302 2345 388 2403 trum
410 2339 506 2403 fuisse
529 2340 793 2404 verisimillimum
808 2345 960 2423 putantes
974 2340 1119 2404 homiues
1135 2339 1220 2403 docti
1230 2338 1262 2422 ²)
1282 2337 1406 2423 pedem,

303 2443 356 2524 qui
382 2441 480 2521 deest,
505 2441 629 2506 diverso
654 2443 745 2506 modo
767 2442 1004 2525 suppleverunt,
1028 2443 1175 2524 interque
1197 2462 1251 2504 eos
1265 2438 1407 2503 Wunde-

304 2565 358 2607 rus
374 2547 404 2618 3)
438 2565 500 2607 non
534 2544 616 2608 male
650 2539 746 2631 τήνδε
778 2541 838 2632 τὴν
865 2539 959 2630 ὕβριν
990 2543 1192 2609 scribendum
1224 2542 1406 2627 proposuit3

304 2645 381 2708 mihi
404 2647 437 2708 in
460 2653 598 2710 ruentem
621 2648 708 2711 venit
730 2644 845 2734 παρών
868 2647 1050 2712 addendum
1072 2667 1156 2725 esse,
1189 2646 1221 2709 in
1244 2644 1329 2728 quod
1352 2665 1406 2728 op·

302 2747 378 2810 time
402 2745 540 2831 quadret
562 2749 696 2812 nutricis
718 2770 922 2834 responsum:
947 2747 1081 2814 ἐπεῖδον
1096 2785 1137 2796 -
1153 2742 1405 2832 παραστάτις4).

304 2889 340 2898 —-
368 2850 405 2913 In
430 2852 503 2913 Ant.
529 2855 590 2914 924
613 2850 787 2935 δυσσέβεια
809 2875 872 2917 non
898 2854 1036 2932 „crimen
1061 2850 1254 2934 impietatis“
1272 2852 1317 2930 ⁵),
1351 2847 1407 2912 sed

305 2953 420 3035 ,impie
448 2953 587 3018 faetum“
619 2960 683 3034 est3
714 2955 792 3018 dicit
821 2957 904 3019 euim
938 2956 1113 3036 Antigona:
1152 2953 1206 3036 pia
1235 2957 1316 3035 qtae
1347 2951 1408 3015 sim

303 3055 402 3139 impia
424 3077 537 3139 passus
559 3061 658 3120 sum.“
683 3093 726 3104 -
748 3057 883 3122 Versum
907 3056 988 3121 Phil.
1013 3060 1073 3120 887
1084 3077 1092 3120 2

718 3164 778 3223 τοῦ
799 3154 904 3224 πόνου
925 3156 985 3245 γὰρ
1008 3151 1068 3222 οὐκ
1089 3150 1192 3237 ὄκνος,

433 3254 572 3344 ἐπείπερ
595 3257 679 3326 οὕτω
701 3259 756 3327 σοι’
776 3257 805 3326 τ’
827 3256 912 3343 ἔδοξ’
934 3256 1009 3343 ἐμοί
1029 3285 1066 3326 τε
1088 3260 1166 3346 δρᾶν

304 3361 358 3444 qui
380 3364 584 3445 interpretati
607 3370 695 3428 sunt:
731 3387 813 3444 „non
838 3371 986 3430 metuunt
1007 3365 1093 3429 huno
1115 3363 1267 3438 laborem,
1295 3363 1322 3426 si
1348 3361 1407 3426 tibi

303 3463 445 3545 mihique
458 3465 503 3528 sio
517 3465 653 3548 placet“,
679 3463 781 3544 πόνος
802 3467 960 3532 laboriose
974 3467 1104 3544 factum,
1128 3467 1148 3530 i.
1165 3487 1192 3529 e.
1214 3464 1408 3529 laboriosum

358 3719 378 3786 ¹)
414 3715 572 3772 Dindorfius
591 3717 702 3785 quidem
721 3718 891 3772 delectione
910 3718 1027 3774 dubitat.

356 3807 378 3874 2)
414 3806 491 3860 Idem
511 3806 617 3875 vitium,
637 3809 669 3859 ut
687 3806 822 3874 syllabam
840 3806 1013 3874 omitterent,
1043 3793 1239 3860 commiserunt
1256 3804 1362 3858 scribae
1379 3806 1409 3858 in

304 3893 347 3960 Aj.
361 3895 420 3963 384,
439 3893 487 3947 ubi
507 3911 557 3961 pro
575 3893 702 3948 trimetro
723 3894 797 3948 huno
814 3911 924 3954 versum
942 3895 1076 3948 traditum
1088 3893 1234 3947 habemus:
1254 3891 1348 3963 ἴδοιμί
1356 3909 1408 3961 νιν,

303 3982 403 4051 καίπερ
420 3969 469 4031 do’
488 3976 632 4051 ἀτώμενος.

357 4068 381 4131 3)
417 4069 566 4122 emendatt.
590 4087 617 4138 p.
638 4071 686 4121 104
701 4086 759 4139 sqq.

356 4155 379 4224 ⁴)
417 4151 512 4226 παρών
536 4157 680 4225 praeteriti
704 4173 812 4224 quoque
833 4155 1063 4225 significationem
1088 4154 1189 4207 habere
1206 4154 1310 4207 frustra
1326 4157 1411 4223 negat

305 4241 460 4296 Meinekiue
486 4243 522 4297 ad
547 4243 578 4297 0.
597 4245 625 4297 Ο.
646 4244 714 4295 1586
740 4261 768 4311 p.
781 4245 842 4296 201.
878 4242 912 4296 ef.
932 4242 1036 4296 Bdolrh.
1055 4243 1090 4296 ad
1108 4242 1172 4295 Ant.
1195 4243 1276 4310 1192,
1307 4241 1354 4310 qui
1376 4258 1408 4295 eo

303 4331 364 4386 loco
381 4331 467 4384 vertit
484 4331 543 4400 „als
555 4331 767 4401 Augenzeuge“.
786 4328 822 4383 el'.
841 4330 1013 4384 Trachtw.
1048 4330 1165 4399 Propter
1182 4346 1291 4383 versum
1309 4327 1409 4383 Traeh.

304 4437 389 4488 supra
406 4420 522 4473 allatum
539 4419 608 4473 haee
626 4419 750 4487 quaestio
769 4418 836 4472 levis
856 4421 906 4470 est.

358 4507 380 4565 ⁵)
416 4505 450 4561 ol'.
468 4524 495 4575 p.
509 4509 552 4561 43.
