3600 5334
931 647 972 709 26

399 851 475 898 esse.
501 869 539 881 -
578 833 616 898 ln
638 834 713 898 Ant.
739 837 778 897 66
808 832 976 898 lectionem
1008 833 1168 912 codicum,
1206 855 1271 918 qua
1290 827 1502 920 παννανήρως

398 934 553 1015 traditur,
587 935 700 1001 vitium
727 935 864 1001 traxisse
891 937 918 1000 si
940 943 1027 1001 reete
1051 942 1217 1002 censerent
1238 937 1383 1003 homines
1405 936 1500 1016 docti,
1591 999 1599 1010 ,

397 1039 465 1104 sine
486 1039 554 1104 ulla
576 1038 775 1104 dubitatione
797 1037 925 1120 Bergkii
948 1040 1164 1123 conjecturam
1187 1031 1418 1126 πάντ’ἆγήρως
1432 1043 1499 1103 tam

397 1141 524 1206 facilem
546 1162 643 1225 quam
666 1145 777 1226 aptam
798 1140 967 1225 probarem
987 1146 1030 1222 ¹);
1068 1142 1128 1208 sibi
1157 1147 1265 1208 autem
1288 1141 1429 1206 habeant
1450 1161 1500 1206 co-

397 1246 458 1310 tcri
480 1265 563 1329 quac
585 1244 784 1322 invenerunt,
807 1249 844 1308 ut
864 1243 1152 1327 Bambergerus²):
1180 1239 1403 1331 παντοθήρας,
1426 1245 1500 1309 Em-

396 1348 504 1433 porius
521 1349 567 1430 2);
606 1342 858 1434 παντοδμάνωρ,
882 1348 1043 1430 Kayserus
1060 1352 1104 1429 2);
1140 1342 1158 1413 ὁ
1180 1343 1291 1412 πάντα
1312 1343 1428 1412 κλίνων
1449 1348 1500 1413 vel

396 1451 519 1534 κοιμῶν
529 1452 566 1531 ²),
590 1449 821 1527 schneidewss)
843 1447 1135 1538 πανταγρευτᾶςῖ),
1158 1450 1194 1516 G.
1211 1450 1369 1516 Wolffins:
1392 1471 1499 1515 παντ-

396 1548 525 1640 αγρεύς,
564 1552 741 1618 Meinelrius
758 1555 804 1632 2):
841 1547 859 1617 ὁ
889 1550 1000 1619 πάντα
1028 1557 1141 1641 πηρῶν
1168 1560 1264 1638 atque
1284 1574 1349 1618 una
1369 1552 1500 1617 liternla

397 1661 523 1720 mutata
552 1655 740 1739 Seyffertus:
780 1650 890 1720 πάντα
921 1661 1043 1743 τηρῶν,·
1079 1659 1118 1722 de
1151 1657 1213 1721 hac
1243 1656 1499 1738 conjecturarum

396 1765 483 1824 strue
512 1760 602 1824 novis
631 1759 782 1842 novisque
812 1766 1006 1842 exaggerata
1041 1781 1104 1824 non
1140 1759 1241 1825 habeo
1277 1758 1354 1842 quid
1385 1758 1499 1837 dicam,

396 1862 458 1926 nisi
486 1883 537 1926 me
558 1881 687 1946 sperare
715 1861 783 1926 fore
811 1867 863 1942 ut,
895 1881 977 1945 quac
1006 1862 1140 1927 fortasse
1168 1863 1233 1927 alia
1263 1861 1399 1926 inveniri
1427 1881 1498 1946 pos-

396 1965 461 2030 sint
490 1965 602 2044 verba,
641 1969 868 2049 proponantur.
892 2000 935 2011 —-
974 1964 1041 2047 Ego
1071 1964 1198 2048 quidem
1227 1964 1404 2028 mutatione
1436 1985 1499 2028 non

396 2087 475 2152 opus
498 2087 565 2133 esse
591 2088 650 2151 pro
680 2072 767 2132 certo
795 2066 906 2132 habeo.
953 2065 1036 2131 Nam
1058 2088 1131 2131 oum
1152 2088 1305 2132 numerus
1326 2067 1499 2151 adjectivo-

395 2189 467 2235 rum
487 2175 617 2254 practer
638 2170 802 2252 vulgarem
823 2189 916 2232 usum
939 2169 1042 2234 active
1063 2190 1084 2233 a
1103 2169 1257 2255 Sophocle
1272 2174 1498 2254 usurpatorum

395 2291 589 2356 permagnus
611 2274 668 2352 sit,
705 2278 802 2355 atque
832 2272 981 2351 accedat,
1019 2272 1103 2356 quod
1133 2272 1229 2337 verbo
1256 2267 1406 2359 γηράσκω
1434 2273 1497 2338 vim

395 2375 598 2440 transitivam
619 2375 754 2459 subjecit
777 2374 952 2459 Aeschylus
973 2375 1007 2440 in
1029 2374 1138 2459 Suppl.
1163 2379 1240 2438 894:

525 2471 594 2544 οὐδ’
614 2474 773 2565 ἐγήρασαν
794 2480 900 2564 τροφῇ

395 2598 459 2646 non
482 2580 592 2647 dubito
614 2581 690 2664 quin
707 2579 879 2665 Sophocles
895 2579 1088 2664 adjectivum
1102 2574 1314 2668 πανταγήρως
1328 2579 1389 2645 hoc
1404 2598 1497 2645 sensu

395 2683 529 2749 dixerit:
570 2704 699 2765 „omnes
721 2704 811 2748 senes
832 2683 1000 2763 reddens“‚
1022 2684 1043 2747 i.
1060 2703 1086 2748 c.
1113 2703 1241 2766 „omnes
1263 2682 1406 2748 infirmos
1427 2682 1498 2748 red·

395 2786 504 2851 dens“.
537 2823 573 2834 -
618 2785 772 2852 Notiones
797 2789 931 2866 „senex“
957 2791 990 2850 et
1014 2785 1196 2868 „infirmus“
1221 2786 1499 2870 conjunctissimas

395 2906 463 2954 assc
486 2889 512 2954 si
534 2889 662 2954 omnino
685 2887 838 2972 exemplis
860 2887 991 2972 probari
1012 2893 1155 2973 oportet,
1192 2889 1296 2953 locum
1318 2888 1499 2953 Aristotelis

395 2993 427 3057 in
457 2991 643 3056 memoriam
672 2990 764 3056 nobis
792 3011 922 3068 revoco„
956 2991 1012 3074 qui
1041 2991 1074 3056 in
1105 2991 1195 3074 polit.
1219 2992 1261 3072 ΙΙ,
1284 2997 1302 3057 9
1325 2992 1443 3076 legitur
1457 2995 1498 3077 ³),

395 3095 450 3160 ubi
472 3093 679 3179 philosophus
700 3095 785 3159 inter
806 3094 886 3160 vitia
911 3094 1105 3177 reipublicae
1127 3095 1359 3178 Spartanorum
1389 3115 1498 3160 nume-

394 3203 464 3276 rat,
487 3195 573 3280 quod
595 3201 759 3263 senatores
781 3217 890 3263 omnes
912 3217 1003 3262 senes
1026 3197 1106 3278 sint,
1130 3202 1163 3262 et
1182 3198 1230 3262 rei
1252 3198 1336 3262 hanc
1357 3198 1499 3282 suggerit

395 3319 538 3366 causam:
562 3294 633 3365 ἔστι
655 3294 723 3387 γάρ,
748 3295 860 3386 ὥσπερ
882 3296 938 3363 καὶ
960 3294 1122 3380 σώματος,
1144 3295 1201 3364 καὶ
1222 3295 1370 3378 διανοίας
1390 3305 1496 3389 γῆρας.

395 3441 437 3452 -
466 3402 558 3483 Quod
580 3403 640 3469 hcc
663 3404 841 3486 Antigonae
872 3403 941 3467 loco
972 3401 1102 3466 admisit
1128 3406 1241 3485 poeta,
1272 3403 1356 3469 idem
1378 3403 1499 3468 factum

395 3527 462 3572 esse
491 3507 526 3571 in
555 3505 697 3590 ejusdem
728 3504 856 3571 fabulae
885 3527 913 3568 v.
942 3508 1020 3570 1011
1050 3501 1130 3569 false
1153 3507 1303 3590 opinatus
1325 3511 1374 3571 est
1395 3506 1499 3570 Brun-

396 3609 493 3688 clius,
515 3608 560 3674 ibi
576 3609 661 3674 enim
676 3609 836 3693 passivam
851 3608 925 3687 vim,
948 3613 1109 3691 quaeest:
1135 3608 1429 3688 „circumvolutus“‚
1450 3629 1498 3672 re-

395 3713 478 3777 tinet
499 3713 688 3778 vocabulum
710 3706 979 3796 salomala-
1001 3710 1121 3777 Contra
1135 3705 1339 3798 ἡλιαστερής,
1364 3710 1449 3796 quod
1464 3711 1498 3775 in

397 3942 603 3958 du--n—-n—-u

468 4101 487 4171 ¹)
522 4099 600 4154 ldem
618 4097 724 4152 invenit
741 4097 887 4152 Donnerus
905 4098 935 4151 in
953 4098 1079 4152 translat.
1097 4098 1179 4166 Soph.
1198 4115 1225 4166 p.
1239 4097 1298 4150 266.

465 4189 487 4258 ²)
523 4187 551 4240 in
563 4186 634 4240 Phil.
647 4186 668 4255 I,
681 4202 709 4256 p.
722 4188 788 4240 4.-
807 4185 943 4240 aSehdw.
957 4189 1195 4240 commemoratur.
1208 4215 1240 4224 —
1260 4185 1289 4238 in
1300 4184 1394 4239 Jahnii
1407 4186 1497 4239 annal.

394 4276 462 4346 phil.
481 4276 534 4331 vol.
554 4276 587 4328 65
607 4293 634 4345 p.
654 4275 713 4329 203.
728 4301 762 4314 -
780 4274 810 4327 in
826 4271 897 4328 Phil.
916 4273 975 4343 VII,
995 4274 1057 4328 637.
1069 4306 1103 4316 -
1121 4273 1251 4344 Beitrage
1269 4277 1321 4328 etc.
1338 4290 1365 4342 p.
1384 4275 1427 4327 20.

465 4364 489 4432 3)
523 4380 549 4432 p.
568 4363 611 4430 48,
631 4363 664 4414 23
682 4363 725 4418 ed.
744 4362 860 4416 Bekker.

466 4450 488 4518 ⁴)
525 4449 559 4504 ci.
578 4449 760 4520 Bocokhium,
790 4449 839 4520 qui
854 4449 1032 4504 Homericum
1056 4444 1202 4501 καλύπτειν
1224 4449 1253 4498 tt
1275 4449 1330 4500 cccl
1348 4453 1498 4519 comparat.

392 4538 424 4592 Il.
443 4538 477 4607 V,
496 4539 556 4593 ³16.
