3600 5334
816 635 856 694 47

283 813 477 902 σπεῖραντες
498 837 592 881 nemo
613 815 757 901 negabit,
787 817 841 901 qui
863 821 993 900 praeter
1015 816 1081 881 alie
1102 812 1293 902 διαβάλλειν
1316 839 1388 898 ,ca

281 921 452 986 lumniari“
476 915 656 1003 significare
676 919 870 998 meminerit;
893 919 1088 1002 praepositio
1103 925 1212 984 autem
1233 914 1301 984 ὑπὸ
1323 921 1387 984 vim

282 1023 363 1086 elam
385 1021 518 1106 (sparsi)
540 1020 619 1084 mihi
641 1020 767 1086 videtur
795 1020 928 1100 habere,
966 1042 1063 1104 quam
1093 1022 1126 1085 in
1156 1043 1232 1087 voce
1261 1043 1388 1106 quoque

282 1119 442 1201 άπείποις
468 1124 500 1188 in
524 1145 551 1187 v.
576 1129 637 1188 213
669 1123 775 1187 valere
805 1124 992 1188 Hermanno
1015 1124 1144 1206 quidem
1165 1129 1199 1188 et
1220 1123 1387 1189 Dindorfio

284 1227 438 1307 ,dicendo
471 1230 641 1308 suggeres“
676 1225 910 1308 explicantibus
941 1246 999 1308 ego
1033 1246 1159 1305 censeo,
1198 1247 1388 1310 persuasum

283 1328 415 1407 habens,
445 1327 577 1392 chorum
601 1348 621 1390 a
642 1326 823 1406 Tecmessa,
856 1334 892 1391 ut
915 1329 998 1392 clam
1019 1328 1092 1394 eliis
1113 1334 1211 1412 atque
1232 1329 1303 1412 ipso
1324 1327 1388 1393 for-

280 1437 366 1494 tasse
388 1431 486 1513 Ajaoe
515 1430 545 1494 ei
572 1451 638 1493 rem
661 1429 799 1512 aperiat,
830 1435 950 1512 petere.
980 1468 1020 1478 -
1059 1431 1150 1510 Quod
1173 1431 1207 1496 in
1229 1430 1280 1514 Aj.
1306 1433 1387 1495 1323

281 1527 480 1617 συμβάλλειν
501 1528 566 1618 ἔπη
589 1552 684 1596 sensu
713 1531 929 1614 respondendi
958 1533 1079 1596 dictum
1109 1537 1173 1613 est,
1203 1553 1301 1598 causa
1323 1553 1387 1598 me-

281 1635 438 1719 taphorae
460 1636 535 1700 inde
558 1640 606 1698 est
628 1633 780 1717 petenda,
804 1634 889 1717 quod
911 1635 966 1718 qui
988 1634 1029 1699 ad
1051 1635 1195 1700 convicia
1217 1634 1389 1720 respondet

282 1736 433 1801 altercari
454 1738 580 1821 incipit3
619 1731 817 1821 συμβάλλειν
841 1738 927 1801 enim
954 1743 990 1801 ut
1011 1737 1201 1802 Latinorum
1225 1737 1388 1818 ,commit-

281 1843 369 1903 tere“
387 1840 426 1904 de
441 1840 589 1905 manibus
603 1861 677 1904 oum
691 1839 799 1923 aliquo
815 1838 1019 1904 conserendis
1040 1846 1225 1924 usurpetur.
1240 1879 1284 1889 -
1306 1837 1387 1903 (lum

282 1938 431 2026 σπείρειν
452 1937 517 2029 ἔπη
540 1942 643 2027 potitis
666 1941 796 2007 Graecis
817 1948 886 2006 tem
913 1941 955 2005 sit
977 1942 1145 2022 usitatum,
1181 1963 1278 2026 quem
1300 1942 1388 2006 Lati-

280 2045 330 2109 nis
354 2066 523 2130 ,epargere
547 2050 657 2110 voces“
681 2083 723 2092 -
757 2044 796 2110 cf.
820 2044 869 2108 El.
895 2047 967 2111 642.
1001 2044 1095 2126 Verg.
1119 2045 1199 2110 Aen.
1221 2044 1264 2123 H,
1288 2047 1329 2108 08
1347 2082 1387 2091 -

281 2147 372 2211 nulla
398 2148 465 2212 fere
494 2167 592 2231 opera
618 2147 814 2226 enodantur,
850 2166 933 2230 quae
955 2144 1091 2211 licenter
1113 2146 1285 2230 Sophocles
1306 2145 1395 2211 dixit·

282 2248 315 2312 in
337 2247 429 2334 frgm.
453 2254 534 2316 587:

408 2348 454 2439 μὴ
477 2353 594 2439 σπεῖρε
616 2349 756 2428 πολλοῖς
776 2347 833 2416 τὸν
855 2347 1005 2432 παρέντα
1027 2346 1183 2433 δαίμονα·

279 2485 301 2548 i.
324 2503 351 2546 e.
374 2503 415 2547 ne
437 2483 470 2546 in
492 2483 611 2548 multos
632 2482 740 2566 profer
761 2481 883 2546 melum
905 2503 969 2565 quo
990 2483 1145 2563 premeris
1161 2485 1196 2561 ¹).
1241 2478 1280 2545 cf.
1305 2481 1382 2545 Hor.

282 2589 341 2647 set.
351 2583 394 2662 11,
406 2589 434 2664 5,
449 2588 522 2648 103:
548 2605 681 2668 ,sparge
703 2583 868 2664 subinde“,
892 2583 977 2666 quod
995 2586 1098 2646 Acron
1121 2583 1277 2668 explicet:
1304 2582 1385 2662 „fre-

280 2690 429 2769 quenter,
451 2686 570 2768 passim
592 2685 721 2750 dioit0.“
745 2723 786 2734 -
818 2686 963 2751 Licentia
986 2684 1145 2769 quaedam
1171 2686 1299 2768 poetica
1320 2706 1387 2750 cer·

279 2789 369 2852 nitur
390 2789 487 2852 etiam
517 2789 551 2852 in
585 2789 765 2870 conjunctis
784 2789 888 2854 verbis
910 2779 1098 2851 άναλῖσκειν
1120 2782 1243 2871 λόγους.
1289 2787 1385 2872 Soph.

280 2891 330 2973 Aj.
358 2894 447 2955 1049.
487 2891 563 2954 Eur.
588 2890 671 2954 Med.
696 2895 768 2956 325.
810 2891 971 2975 Aristopb.
995 2890 1128 2972 Lysistr.
1152 2894 1226 2953 468.
1248 2927 1292 2939 —
1327 2890 1387 2954 His

280 2993 437 3076 subjunge
459 2993 544 3076 quod
565 2994 599 3057 in
622 2991 714 3077 frgm.
733 2996 793 3057 632
810 2993 946 3076 legitur:
969 2990 1051 3079 μέλη
1074 2986 1230 3078 ρακτήρια
1251 3012 1273 3055 a
1286 2991 1386 3074 Hesp.

280 3096 352 3160 chio
386 3095 436 3159 his
464 3094 659 3179 explicatum
691 3095 811 3161 verbis:
849 3088 924 3159 άνιὶ
944 3098 1004 3159 τοῦ
1033 3088 1179 3181 ψοφάδη
1206 3090 1263 3157 καὶ
1283 3096 1387 3178 θορν-

281 3192 371 3282 aare
395 3199 433 3277 ²>·

366 3297 524 3363 Miramur
544 3320 607 3362 non
632 3298 713 3363 nibil
735 3319 775 3363 ea
796 3320 879 3382 quae
901 3301 934 3363 in
959 3300 1008 3382 Aj.
1035 3303 1115 3364 1227
1139 3297 1289 3382 legimus:

409 3399 447 3466 σὲ
469 3397 508 3487 δὴ
529 3399 572 3465 τὰ
593 3397 705 3466 δεινά
726 3393 861 3488 ῥήματ’
884 3396 1078 3486 άμγέλλουσί
1097 3422 1156 3482 μοι

408 3503 522 3590 τλῆναι
542 3498 621 3567 καθ’
643 3498 734 3591 ἡμῶν
756 3491 814 3568 ὧδ’
836 3498 1016 3586 άνοιμωκτλ
1036 3504 1191 3585 χανεῖν·

280 3654 353 3698 cum
381 3629 509 3720 ῥήματα
528 3634 637 3712 χανεῖν
667 3633 788 3698 dictum
819 3633 860 3697 sit
890 3654 948 3716 pro
971 3627 1079 3714 στόμα
1098 3626 1238 3713 χανόντα
1259 3626 1387 3719 ῥήματα

280 3733 384 3816 λέξαι,
422 3735 477 3799 sed
500 3735 714 3816 cogitantibus
743 3735 834 3800 nobis
863 3756 883 3798 a
910 3735 1005 3800 verbo
1034 3755 1106 3799 cum
1129 3735 1309 3799 accusativo
1332 3734 1386 3799 ob-

278 3838 356 3921 jecti
378 3838 548 3920 conjuncto
571 3837 709 3902 alterum
733 3858 826 3922 saepe
848 3838 988 3922 pendere
1010 3838 1242 3916 accusativum,
1272 3857 1311 3900 ec
1332 3836 1386 3900 de

282 3939 355 4003 inde
377 3940 669 4022 frequentissimam
698 3941 786 4024 apud
808 3940 946 4006 Graecos
975 3961 1044 4005 esse
1064 3939 1190 4028 ellipsin
1213 3937 1386 4004 accusativi

337 4239 357 4307 ¹)
392 4239 434 4292 De
451 4237 545 4292 dativo
563 4237 727 4293 Valckener.
745 4235 781 4291 ad
800 4237 866 4292 Her.
883 4237 932 4306 IX,
954 4239 985 4290 16
1001 4254 1029 4306 p.
1051 4238 1119 4289 1060
1135 4235 1290 4304 comparari
1305 4235 1387 4304 jubet

281 4327 448 4382 Ellendtius.

334 4415 357 4482 ²)
392 4413 509 4469 Ducitur
526 4413 601 4466 enim
618 4412 785 4481 adjectivum
804 4407 948 4482 ῥεκτήριος
965 4427 982 4464 e
999 4412 1084 4466 verbo
1102 4407 1208 4486 ῥάσσω,
1227 4412 1257 4464 in
1274 4427 1328 4480 quo
1347 4409 1385 4463 le

282 4501 371 4556 riendi
387 4502 464 4556 notio
482 4501 563 4554 inest.
