3600 5334
956 551 993 611 18

416 737 454 796 ut
477 731 510 796 iu
535 730 570 796 O.
589 729 700 797 R.470
724 731 848 813 „filius“
872 730 1101 816 intelligendus
1123 734 1174 811 sit,
1196 733 1228 797 vi
1249 734 1378 816 passiva
1398 730 1522 796 activae

415 834 562 918 subjecta
584 833 705 900 formae
724 840 761 914 ¹).
813 835 903 900 Idem
932 834 992 900 sibi
1021 837 1158 919 sumpsit
1185 836 1353 920 Euripides
1382 835 1416 898 in
1445 833 1522 898 Ione

418 940 490 1002 916.
513 974 554 985 -
598 937 742 1002 Athaco
765 936 931 1005 hactenus.
953 974 997 986 -

892 1183 1097 1194 —n—-.

678 1456 835 1536 dativum
861 1481 928 1558 pro
954 1455 1064 1535 lledin
1090 1457 1252 1559 positum.

935 1719 962 1802 p.
987 1723 1016 1782 3.

502 1845 736 1935 Quaerentibus
759 1855 859 1935 nobis,
882 1857 987 1938 qualis
1010 1857 1052 1921 sit
1072 1856 1237 1941 Sophoclis
1260 1878 1410 1938 generum
1434 1858 1521 1922 verbi

415 1959 479 2024 vim
504 1958 652 2022 variandi
673 1958 822 2038 licentia,
857 1964 1026 2041 postquam
1049 1960 1188 2024 activum
1211 1960 1281 2024 looo
1301 1959 1420 2043 passivi
1441 1980 1519 2022 non-

416 2082 591 2145 numquam
628 2062 776 2145 usurpari
811 2060 1047 2141 intelleximus,
1085 2061 1298 2126 attendendus
1331 2068 1379 2126 est
1407 2061 1519 2126 similis

415 2165 555 2229 activum
577 2185 634 2247 pro
657 2163 761 2228 medio
783 2163 924 2247 ponendi
946 2185 1023 2228 mos.
1075 2164 1127 2228 Sic
1156 2161 1265 2251 φέρειν
1296 2169 1329 2227 et
1356 2164 1519 2250 φέρεσθαι

415 2269 594 2351 promiscue
616 2266 702 2350 apud
724 2268 836 2350 podtas
857 2265 1023 2350 leguntur,
1046 2273 1083 2331 ut
1104 2268 1157 2331 vix
1178 2268 1344 2332 dicrimine
1367 2267 1520 2349 distingui

416 2371 540 2453 possint
556 2372 592 2452 ²).
647 2369 837 2452 Exemplum
859 2375 896 2432 ut
923 2367 1072 2447 afferam,
1105 2370 1284 2453 comparari
1301 2369 1399 2453 jubeo
1422 2369 1458 2434 Ο.
1484 2368 1518 2432 Ο.

417 2476 454 2536 6:
479 2473 619 2555 σμικροῦ
639 2473 733 2553 μεῖον
754 2469 895 2557 φέροντο
917 2471 1172 2536 oumEl.1095:
1196 2472 1377 2558 φερομέναν
1391 2463 1518 2553 dcccco.

416 2573 497 2638 Item
519 2575 553 2637 in
574 2574 656 2638 Phil.
683 2578 762 2637 1107
794 2574 836 2637 ad
866 2572 1064 2661 προσφέρων
1085 2575 1242 2658 suppleri,
1279 2582 1316 2639 ut
1336 2578 1384 2639 ita
1406 2575 1519 2652 dicam,

415 2681 542 2759 oportet
564 2672 692 2762 ἐμαυτῷ
699 2704 710 2756 ‚-
746 2675 842 2741 ducta
863 2682 913 2740 est
933 2675 1123 2742 scholiastae
1146 2678 1188 2740 ad
1211 2677 1296 2741 hunc
1316 2698 1442 2741 versum
1464 2675 1520 2740 ad·

414 2779 538 2855 notatio
560 2778 639 2843 haec
658 2800 719 2845 nos
741 2778 901 2844 docentis:
935 2771 1009 2843 ἀντὶ
1030 2781 1089 2843 τοῦ
1110 2775 1386 2865 προσφερόμενος.
1419 2772 1521 2844 ἐνίοτι

416 2877 453 2944 δὲ
482 2875 626 2961 ἔμπαλίν
654 2901 736 2967 φησι
766 2876 1016 2962 διακονούμενος
1042 2873 1117 2944 οἶνοί
1145 2884 1204 2945 τοῦ
1232 2879 1390 2945 διακονῶν
1405 2880 1435 2961 ³)
1464 2876 1520 2944 καί

417 2978 753 3066 στιβαόοποιοίμενος
775 2976 849 3047 α’νιὶ
870 2986 930 3046 τοῦ
953 2981 1249 3067 carpetanorum).
1295 2983 1367 3046 Huc
1381 2983 1520 3065 pertinet
1582 3051 1585 3055 ,
1655 3032 1656 3077 3

415 3085 501 3168 qnod
524 3084 559 3149 Ο.
584 3085 618 3149 Ο.
645 3091 722 3150 1411
749 3085 884 3168 legitur:
916 3081 1053 3162 ἔποικος
1083 3074 1120 3148 ὃν
1145 3079 1314 3167 κομίζετον
1343 3106 1401 3167 pro
1423 3079 1519 3167 κομί-

417 3184 536 3266 cracov
565 3187 608 3252 ad
638 3187 820 3270 analogiam
851 3189 937 3253 verbi
969 3185 1080 3274 φέρειν
1102 3187 1222 3252 dictum
1241 3191 1276 3265 ⁵).
1321 3187 1443 3251 Errant
1464 3208 1520 3250 au-

416 3295 482 3356 tem
505 3290 559 3372 qui
583 3292 618 3354 0.
644 3289 676 3353 0.
702 3294 763 3353 589
786 3286 930 3372 κομίζειν
950 3311 1009 3374 pro
1032 3283 1230 3371 κομίζεσθαι
1250 3295 1438 3372 usurpatum
1454 3290 1520 3372 opi-

416 3397 542 3470 nentur,
564 3413 710 3476 namquo,
734 3398 770 3456 ut
792 3393 897 3457 brevis
920 3392 989 3469 sim,
1013 3393 1111 3456 verba

545 3498 648 3561 κεῖνοι
668 3490 812 3578 κομίζειν
834 3486 916 3559 aaio’
938 3488 1113 3574 ἕκαξιοῦοί
1134 3517 1184 3575 με.

418 3598 462 3662 sic
478 3597 689 3680 intelligenda
705 3606 796 3663 sunt:
821 3598 918 3680 „illuc
940 3597 989 3663 illi
1011 3604 1047 3661 ut
1069 3617 1120 3661 me
1142 3597 1279 3661 mittatis
1302 3617 1357 3661 vos
1373 3603 1520 3680 cogunt“‚

417 3698 467 3763 vel
480 3706 642 3778 ·„censent
662 3700 727 3780 illi,
756 3723 811 3766 vos
832 3723 883 3766 me
906 3701 983 3766 illuc
1005 3701 1133 3763 mittere
1156 3698 1301 3763 debere“.
1320 3737 1361 3746 -
1391 3700 1522 3765 Rectius

419 3873 623 3882 ...ο-μ.-

488 3981 509 4049 l)
544 3981 678 4050 Inspicias
695 3981 777 4036 velim
796 3981 975 4050 Ellendtium‚
994 3981 1041 4050 qui
1060 3981 1164 4050 optime
1182 3979 1287 4032 dehac
1306 3998 1336 4032 re
1354 3981 1487 4050 disputat.

486 4069 509 4139 ²)
545 4067 640 4139 Reisig
658 4074 776 4123 enarrat.
794 4071 822 4121 in
841 4068 908 4122 Oed.
928 4068 982 4121 Col.
1002 4085 1029 4136 p.
1043 4068 1170 4125 XXVIII.
1205 4065 1305 4136 Pflugk
1324 4069 1359 4122 ad
1378 4069 1444 4123 Eur.
1457 4070 1523 4122 Hec.

419 4159 511 4312 3081,3)
547 4243 697 4299 Philam.

489 4331 512 4399 4)
546 4330 628 4401 irgm.
645 4327 697 4382 974
715 4329 798 4383 Dind.

490 4419 512 4488 ⁵)
530 4490 532 4495 .
548 4416 673 4473 Mainake
692 4415 757 4470 Oed.
776 4417 831 4470 Col.
849 4433 877 4484 p.
893 4417 950 4468 191.
1042 4434 1045 4441 ’
