3600 5334
856 576 874 634 9

312 761 392 824 titur
416 759 494 823 haec
509 756 674 822 hominum
689 757 855 822 doctorum
870 759 987 841 opinio,
1011 758 1178 842 Sophoclei
1193 779 1302 822 versus
1318 759 1415 822 aliam

313 860 557 945 explicationem
586 859 671 924 ultro
699 859 874 925 admittunt
892 865 927 939 1).
980 860 1122 944 Copiose'
1136 860 1176 925 dc
1198 860 1259 925 hac
1281 861 1360 925 mihi
1382 882 1417 925 re

313 963 484 1047 exponenti
507 963 539 1027 id
561 963 759 1046 propositum
781 967 844 1041 est,
877 967 915 1026 ut
943 969 1055 1045 postea
1083 985 1156 1028 cnm
1177 963 1217 1027 de
1240 962 1418 1028 rationibus

313 1064 527 1130 transferendi
559 1069 688 1149 agetur,
733 1064 802 1148 ejus
835 1063 960 1148 generis
997 1086 1049 1130 res
1080 1065 1206 1130 silentio
1241 1065 1417 1148 praeterire

313 1169 446 1254 possim,
486 1189 544 1232 nec
572 1189 664 1252 spero
693 1166 777 1245 fore,
814 1173 851 1232 ut
877 1167 966 1252 justo
988 1167 1115 1250 longior
1136 1189 1203 1232 esse
1226 1168 1352 1244 videar,
1391 1167 1418 1231 si

313 1291 415 1354 pauca
438 1269 565 1334 addam.
619 1269 658 1334 In
688 1267 763 1333 Oed.
789 1269 825 1334 R.
850 1274 912 1334 478
942 1272 1099 1355 πετραῖος
1128 1292 1232 1353 neque
1260 1270 1418 1354 quomodo

314 1395 386 1438 enm
415 1374 469 1456 qui
499 1373 530 1436 in
560 1373 721 1438 montibus
743 1377 878 1456 vagatur
901 1372 1080 1455 significare
1101 1375 1217 1456 possit,
1251 1374 1418 1456 adsequor,

315 1497 417 1558 neque
448 1474 618 1539 articulum
646 1475 680 1538 in
711 1475 950 1556 comparatione
978 1475 1153 1539 admissum
1180 1497 1248 1541 esse
1278 1475 1419 1558 aliquam
1494 1479 1497 1483 ’

315 1577 556 1643 verisimilitatis
578 1575 715 1660 speciem
736 1576 835 1640 habet
850 1579 895 1655 ²);
933 1597 999 1659 qua
1029 1577 1069 1641 de
1097 1599 1194 1643 causa
1224 1576 1269 1642 nil
1300 1578 1360 1641 nisi
1383 1582 1420 1641 ut

318 1679 481 1745 Diudorfio
504 1677 628 1766 πέτρας
649 1673 707 1743 dica
728 1683 846 1770 ταῦρος
868 1678 1050 1760 conjicienti
1074 1681 1286 1745 assentiamur
1308 1685 1419 1744 restat

316 1785 354 1847 In
377 1784 412 1848 O.
437 1783 470 1846 C.
498 1787 577 1847 698:
616 1773 790 1867 ἀχείρωτος
811 1803 874 1845 non
897 1781 1026 1863 quidem
1049 1782 1082 1845 in
1104 1775 1272 1869 ἄχείρητος
1293 1787 1420 1846 mutan-

315 1885 391 1950 dum
414 1905 482 1948 esse
503 1906 562 1968 pro
585 1890 670 1981 certo
693 1883 805 1963 habeo,
828 1905 887 1950 nec
909 1890 1018 1948 tamen
1039 1905 1146 1948 vocem
1171 1885 1259 1948 illam
1273 1905 1309 1949 eo
1325 1904 1420 1957 sensu

316 2011 336 2054 a
351 1987 507 2071 Sophocle
523 1968 710 2070 usrirpatam
726 2007 803 2064 esse,
827 1990 863 2050 ut
881 2008 964 2066 „non
979 1991 1102 2050 sertus“
1121 1980 1286 2070 significet,
1307 1987 1418 2067 cred03
1435 2041 1438 2045 .

315 2090 448 2156 retinuit
472 2091 549 2166 vim,
572 2109 636 2173 qua
658 2089 729 2153 aliis
751 2089 829 2153 locis
851 2089 1033 2171 praeditam
1056 2109 1128 2179 eam
1150 2091 1308 2169 videmus3
1333 2112 1422 2154 nam·
1463 2079 1467 2085 ’

316 2215 378 2278 que
402 2193 558 2274 „invicta“
583 2191 700 2256 dicitur
722 2191 822 2270 oliva,
858 2192 935 2274 quia
958 2190 1201 2256 Lacedaemonii
1225 2192 1259 2256 in
1282 2193 1421 2256 Atticam

315 2299 528 2380 irrumpentes
551 2315 706 2378 agrosque
728 2298 892 2358 vastantes
914 2299 1058 2357 sanctam
1086 2293 1203 2358 olivam
1231 2289 1318 2358 nietu
1341 2295 1422 2359 Deo·

316 2421 389 2464 rum
412 2398 490 2462 moti
513 2397 632 2461 violare
655 2397 724 2460 ausi
747 2417 810 2459 non
834 2400 910 2459 sunt
926 2398 965 2475 3).
978 2433 1019 2442 -
1042 2395 1089 2458 De
1111 2416 1176 2459 uno
1199 2396 1304 2460 adhuc
1326 2398 1422 2462 verbo

317 2501 394 2585 quid
416 2499 553 2564 sentiam
574 2497 716 2581 proferre
737 2497 817 2561 mihi
838 2497 943 2561 liceat.
988 2498 1120 2580 Legitur
1135 2499 1169 2561 in
1186 2499 1267 2562 Phil.
1285 2521 1312 2562 v.
1332 2503 1421 2562 1265.

318 2603 507 2687 Opinionem
531 2599 763 2664 Schneidewini
785 2619 892 2663 vocem
912 2602 1019 2685 χρῆμα
1041 2598 1091 2662 his
1113 2599 1320 2682 explicantis:
1345 2600 1423 2679 ,das

316 2704 481 2787 Begehren
507 2707 579 2780 (642
602 2705 661 2766 τοῦ
683 2699 903 2787 κεχρημένοις)
933 2702 976 2765 ist
1005 2701 1170 2766 schlimm“
1200 2708 1293 2767 acute
1315 2709 1352 2766 ut
1374 2725 1422 2768 so·

316 2808 361 2871 let
383 2805 585 2887 Bonitziusll
608 2803 735 2867 refellit.
781 2803 865 2867 Num
888 2803 1078 2868 vocabulum
1100 2803 1191 2883 illud,
1216 2810 1252 2869 ut
1274 2806 1360 2888 quod
1381 2807 1424 2870 sit

316 2908 443 2973 verbale
466 2929 486 2970 a
508 2906 602 2971 verbo
623 2909 769 2992 χρῆσθαι
790 2905 938 2984 ductum,
961 2907 994 2970 in
1017 2906 1298 2988 significationem,
1326 2930 1423 2990 quam

316 3009 574 3077 Schneideuinus
596 3013 692 3090 atque
716 3014 792 3071 ante
815 3029 887 3072 eum
911 3009 1115 3083 Hermannus
1136 3011 1170 3072 iu
1193 3032 1230 3074 eo
1245 3011 1349 3074 inesse
1364 3033 1422 3094 pu·
1514 3038 1517 3046 “

316 3113 438 3190 tabant,
463 3111 551 3175 abire
573 3109 747 3192 aliquando
769 3111 880 3193 possit,
903 3133 968 3174 non
991 3116 1039 3175 est
1054 3133 1112 3175 cur
1126 3111 1323 3195 indagemus,
1347 3114 1423 3196 qnia

316 3213 503 3300 Sophoclem
526 3212 577 3276 hic
600 3233 619 3274 a
641 3211 765 3293 vulgari
787 3234 848 3275 usu
867 3213 1035 3277 recessisse
1057 3213 1148 3277 nulla
1169 3235 1204 3278 re
1223 3216 1365 3298 cogimur
1386 3220 1423 3279 ut

316 3324 503 3384 statuamus.
527 3353 569 3363 -
607 3315 670 3379 Sed
704 3336 776 3378 cum
809 3315 966 3398 ejusmodi
997 3316 1201 3403 quaestiones
1231 3317 1318 3381 haud
1349 3338 1422 3381 raro

316 3426 499 3497 nascantur,
521 3418 582 3482 hac
604 3416 682 3482 data
705 3419 869 3482 occasione
892 3439 990 3500 quam
1013 3419 1055 3482 sit
1073 3419 1230 3501 judicium
1249 3420 1288 3484 de
1303 3419 1424 3483 talibus

316 3525 409 3590 rebus
433 3521 559 3586 difficile
582 3541 803 3584 commemoro.
849 3520 979 3584 Etenim
1001 3521 1068 3586 solo
1085 3542 1179 3603 saepe
1201 3543 1261 3585 usu
1283 3521 1363 3601 fieri,
1386 3527 1423 3586 ut

316 3633 404 3692 certa
433 3623 587 3689 vocabula
619 3627 740 3686 cernam
769 3623 833 3686 vim
858 3623 1036 3706 accipiant,
1069 3621 1266 3706 quamquam
1287 3623 1424 3689 libenter

316 3729 464 3806 concedo,
487 3733 595 3791 tamen
618 3726 646 3789 si
669 3724 709 3788 de
732 3724 852 3791 talibus
872 3726 968 3790 rebus
990 3725 1202 3808 disputamus,
1225 3746 1350 3808 semper
1372 3748 1423 3792 co·

316 3870 522 3882 Μ

389 3929 407 3996 ¹)
444 3926 1365 3997 cf.Bouitz.ZeitschriftftirostreichischeGymnasien1856,
1396 3946 1423 3997 p·
1472 3955 1476 3960 -

316 4019 376 4069 640.
395 4016 439 4068 41.

385 4103 408 4170 ²)
443 4101 550 4156 Bonitz.
568 4101 587 4154 l.
606 4102 625 4154 l.
643 4111 670 4170 p.
689 4102 742 4154 649
761 4118 801 4170 sq.

385 4189 408 4260 3)
445 4188 628 4243 Scholiastam
653 4205 761 4256 quoque
784 4187 950 4242 vocabulum
975 4188 1015 4241 sic
1037 4187 1205 4243 intellexisse
1222 4189 1286 4244 inde
1305 4190 1423 4247 fortasse

316 4277 410 4347 colligi
427 4279 528 4345 potest,
548 4277 622 4344 quod
642 4292 703 4330 eam
721 4293 780 4329 rem
798 4274 929 4328 hocloco
947 4276 1079 4329 narravit.

383 4365 406 4432 ⁴³)
441 4364 547 4418 Bonitz.
574 4363 703 4417 Berichte
728 4364 777 4418 der
800 4361 918 4416 Kaiserl.
941 4361 1031 4417 Akad.
1057 4381 1090 4417 zu
1114 4361 1211 4431 Wien,
1238 4363 1334 4418 histor.
1355 4363 1423 4433 phil.

316 4451 400 4506 Abth.
421 4454 496 4506 1855.
516 4468 543 4520 p.
562 4452 614 4502 449
634 4467 673 4518 sq.
