3600 5334
811 621 850 682 35

279 804 350 870 Non
372 803 689 868 incommemoratum
706 803 889 888 reliquerim
905 804 966 869 hac
981 805 1059 869 data
1074 806 1254 885 occasione,
1276 828 1385 891 quem-

280 905 453 971 admodum
475 897 667 990 ὅφθαλμός,
698 898 789 988 ὄμμα
811 927 907 990 saepe
928 907 967 971 de
989 909 1149 990 personis,
1183 930 1266 992 qnae
1288 908 1385 974 alicui

280 1029 374 1074 carae
396 1015 472 1073 sunt
489 1011 533 1092 ¹),
566 1011 671 1074 rarius
693 1009 732 1072 de
754 1000 849 1074 rebus
871 1009 972 1090 gratis
988 1011 1015 1086 2)
1038 1017 1246 1094 usurpentur,
1283 1011 1384 1074 sicin

281 1110 315 1175 Ο.
341 1111 376 1174 R.
401 1115 480 1176 987:
518 1107 574 1174 καὶ
600 1105 664 1197 μὴν
684 1107 786 1195 μέγας
813 1104 841 1195 y'
862 1104 1044 1197 ὀφθαλμὸς
1071 1105 1103 1176 oi
1132 1108 1259 1199 πατρὸς
1283 1108 1385 1199 τάφοι

280 1213 354 1296 legi,
381 1214 428 1277 ita
449 1220 557 1278 autem
579 1212 684 1277 verbis
706 1213 916 1297 comparatis
946 1215 1082 1296 utquid
1112 1215 1215 1280 simile
1239 1215 1385 1279 conferas

278 1315 330 1380 vix
360 1315 492 1396 habeas;
527 1316 671 1398 proxime
707 1315 748 1378 ad
778 1316 945 1380 verborum
969 1315 1214 1400 Sophocleorum
1246 1316 1388 1382 colorem·

278 1416 401 1482 accedit
421 1418 501 1482 illud
523 1418 686 1501 Euripidis
710 1419 755 1495 <in
779 1418 930 1483 Androm.
954 1419 1051 1503 406):

407 1542 454 1597 εις
477 1522 560 1596 παῖς
580 1512 630 1584 dd'
651 1509 690 1606 ἦν
710 1541 769 1602 μοι
790 1515 911 1596 λοιπὸς
932 1511 1112 1604 ὀφθαλμὸς
1132 1517 1222 1604 βίους

278 1621 339 1685 nisi
361 1623 445 1704 quod
469 1623 639 1705 Euripides
660 1622 850 1687 vocabulum
873 1615 1053 1709 ὀφθαλμός
1083 1623 1122 1687 de
1146 1644 1297 1707 persona,
1327 1623 1384 1689 So·

277 1722 407 1806 phooles
429 1724 469 1788 de
491 1745 525 1788 re
548 1725 721 1806 usurpavit.

363 1825 408 1890 Ut
429 1819 519 1908 lippa
540 1848 598 1910 pro
620 1821 739 1911 ὅραμα,
763 1829 809 1892 sio
831 1830 917 1905 ποῦς
937 1849 996 1911 pro
1019 1823 1118 1909 βάσις
1139 1828 1271 1909 dicitnr3
1295 1829 1383 1893 velut

277 1930 310 1992 in
334 1928 415 1993 Phil.
441 1934 498 1993 91:
537 1923 665 2010 ἐξὲνὸς
687 1925 805 2009 ποδὸς,
837 1929 953 2013 quibus
974 1929 1079 1994 verbis
1101 1930 1236 2014 simplex
1257 1933 1384 1997 numeri

277 2031 366 2094 notio
388 2030 603 2116 amplificatur
619 2034 662 2110 3);
700 2033 739 2096 de
761 2054 837 2096 voce
866 2025 1042 2119 ἀρτίπους,
1073 2053 1155 2116 quae
1183 2033 1224 2097 ad
1251 2034 1383 2099 verbum

278 2126 423 2216 θρώσκει
443 2133 555 2197 addita
577 2135 610 2198 in
633 2133 746 2198 Trach.
769 2139 809 2198 58
833 2135 965 2217 legitur,
988 2134 1071 2199 duae
1093 2142 1223 2200 exstant
1244 2136 1383 2220 explica·

277 2236 394 2312 tiones,
428 2235 532 2300 altera
553 2236 762 2301 scholiastae:
799 2231 819 2299 ὅ
841 2233 931 2301 ἐστιν
954 2228 1075 2323 οἷρτίως
1095 2235 1151 2301 καὶ
1172 2231 1383 2324 ἡρμοσμένος

276 2341 324 2423 sp*
344 2341 446 2423 καιρῷ
467 2333 642 2423 πορεύεται
670 2339 881 2403 adscribentis
914 2339 955 2403 ad
985 2360 1113 2403 sensum
1143 2340 1272 2423 quidem
1295 2349 1382 2425 apta,

276 2448 464 2505 nontamen
487 2441 640 2523 exemplis
656 2441 879 2525 comprobata,
901 2441 1006 2505 altera
1020 2441 1265 2507 Schneidewini:
1291 2465 1381 2527 „gra-
1502 2448 1504 2452 ’

277 2543 338 2606 den
363 2549 529 2606 munteren
552 2543 723 2608 Schrittes“
751 2565 815 2608 non
838 2551 988 2608 accurate
1010 2544 1161 2624 dicentis,
1194 2566 1291 2628 quam
1313 2548 1381 2630 qui-

276 2645 348 2708 dem
371 2646 404 2708 in
426 2644 530 2708 locum
564 2667 627 2708 non
650 2647 809 2728 quadrare
844 2667 908 2710 non
937 2653 1025 2711 recte
1054 2653 1161 2710 censet
1190 2646 1381 2727 Dindorfius‚

275 2766 347 2810 cum
372 2746 565 2811 adverbum
589 2743 733 2832 θρώσκω
762 2749 850 2812 notio
874 2748 1049 2813 celeritatis
1071 2748 1164 2813 valde
1187 2757 1265 2832 apta
1286 2751 1329 2814 sit
1342 2754 1380 2832 4).

275 2847 338 2914 Sed
360 2849 439 2913 haec
462 2850 626 2914 hactenus.

787 3032 813 3114 c.
838 3035 867 3094 a

360 3168 480 3233 Similis
510 3169 678 3232 translatio
710 3167 760 3246 fit,
795 3169 821 3232 si
848 3170 937 3232 notio
963 3168 1100 3250 alicujus
1128 3169 1263 3233 actionis
1284 3170 1326 3233 ad
1348 3170 1382 3234 id

276 3270 360 3351 quod
382 3276 470 3335 certa
492 3271 631 3352 quadam
654 3270 723 3352 lege
745 3269 803 3333 illa
826 3272 952 3335 actione
974 3277 1123 3354 paratur,
1146 3277 1179 3335 et
1200 3273 1267 3336 vice
1290 3293 1382 3337 versa

276 3372 301 3432 si
324 3372 412 3435 notio
435 3372 572 3453 alicujus
594 3373 641 3436 rei
657 3373 698 3436 ad
715 3373 889 3451 actionem,
913 3394 933 3436 a
956 3394 1022 3455 qua
1042 3395 1094 3437 res
1109 3373 1254 3452 efficitur,
1276 3379 1382 3438 traus-

274 3471 386 3536 fertur.
432 3472 537 3536 Primo
570 3473 639 3537 loco
672 3476 968 3540 commemorandus
1000 3483 1050 3540 est
1082 3497 1191 3541 versus
1225 3476 1382 3542 Philocte·

276 3579 328 3639 tae
352 3577 409 3639 29:

402 3672 458 3741 καὶ
480 3669 648 3761 στίβοῦστ’
669 3669 774 3756 οὔδεος
795 3674 929 3756 κτύπος.

275 3780 367 3843 Hanc
395 3779 564 3844 lectionem
591 3781 747 3864 praebent
778 3781 1014 3845 Laurentianus
1047 3782 1073 3845 Α
1102 3785 1263 3867 ceterique
1294 3785 1378 3850 codi-

275 3903 326 3946 ces
348 3903 456 3946 omnes
478 3904 542 3948 uno
565 3889 697 3968 excepto
720 3883 921 3967 apographo,
954 3884 987 3948 in
1009 3906 1072 3968 quo
1094 3881 1200 3963 τύπος
1220 3909 1279 3970 pro
1301 3881 1379 3951 κτύ-

275 3985 486 4068 neglegitur.
532 3985 675 4051 Duarum
698 3984 982 4070 significationum,
1005 4008 1085 4070 quas
1101 3988 1289 4054 vocabulum
1305 3985 1379 4054 στί-

329 4239 349 4306 1)
384 4236 420 4292 oi.
438 4238 470 4292 A.
488 4238 613 4293 Mueller.
632 4240 668 4293 ad
685 4239 825 4308 Aristoph.
845 4239 913 4294 Ach.
933 4242 976 4294 92.

327 4325 349 4393 2)
385 4326 481 4379 Bdckh
500 4326 642 4395 explicatt.
663 4327 698 4381 ad
715 4327 794 4381 Pind.
812 4327 847 4396 ΙΙ,
866 4330 881 4380 2
903 4345 931 4396 p.
953 4329 1011 4382 123.

327 4414 340 4456 3

326 4415 349 4571 d
385 4413 421 4556 ii.
436 4413 468 4555 d.
483 4416 533 4571 iil,
553 4503 612 4554 eoa.
649 4499 699 4555 ou.
718 4501 791 4571 vm,
812 4503 873 4556 noe.
