3600 5334
820 599 859 662 41

377 784 530 850 Nationes
552 782 718 848 efficientis
746 787 779 848 et
800 781 920 862 effecti,
958 804 1054 867 porro
1083 782 1260 850 effectionis
1287 784 1396 864 (venia

291 887 335 952 sit
356 887 471 965 verbo,
492 907 557 970 quo
579 887 750 966 actionem,
773 905 838 969 qna
858 886 936 970 quid
956 885 1107 966 efficitur,
1129 885 1267 970 intelligi
1286 885 1395 966 velim)

292 993 326 1056 et
348 987 492 1073 effectil)
514 989 599 1055 inter
620 1009 653 1053 se
676 988 795 1054 mutari
817 1009 888 1053 cum
911 989 1100 1071 viderimus,
1121 995 1224 1054 restat
1244 994 1291 1068 ut,
1313 1009 1397 1073 qnae

293 1093 391 1158 tertia
411 1097 474 1171 est,
497 1091 655 1157 rationem
671 1088 870 1158 effectionem
892 1090 935 1157 ad
949 1090 1092 1158 efficiens
1112 1091 1327 1158 transterendi
1347 1096 1397 1157 at

292 1195 463 1276 tingamus.
487 1231 527 1242 -
560 1193 605 1259 Ut
625 1193 793 1258 notissima
815 1195 848 1259 in
872 1200 1012 1258 mentem
1034 1193 1127 1259 nobis
1147 1190 1307 1258 revocem:
1340 1188 1398 1259 ld-

291 1319 348 1378 χος
378 1295 559 1379 significat:
600 1301 625 1360 1.
657 1296 762 1361 locum
791 1296 993 1362 insidiarum.
1038 1300 1068 1360 2.
1096 1296 1229 1362 insidias
1259 1295 1398 1381 parandi

292 1400 451 1464 actionem
467 1401 505 1476 ²).
551 1403 579 1464 3.
604 1397 749 1464 homines
781 1399 839 1483 qui
868 1399 1047 1466 subsistunt
1074 1399 1108 1464 in
1136 1398 1275 1480 insidiis3
1312 1392 1397 1485 φυγή

292 1523 350 1587 pro
378 1497 520 1589 φυγάδες
550 1503 681 1585 ponitur
697 1503 737 1587 ³).
781 1501 960 1586 Sophoclea
986 1501 1134 1586 exempla
1162 1501 1242 1566 haec
1270 1507 1398 1587 praesto

291 1609 383 1670 sunt:
411 1605 444 1668 in
468 1604 505 1668 0.
529 1604 564 1670 C.
590 1607 690 1668 1070:
728 1605 823 1669 αᾶσα
845 1595 990 1688 dedoces
1011 1626 1070 1688 pro
1091 1598 1215 1682 πάντες
1235 1597 1398 1689 ἀναβάται

294 1707 414 1772 dictum
430 1709 473 1790 ¹¹),
510 1706 544 1772 in
567 1705 660 1788 frgm.
685 1711 747 1772 794
775 1699 837 1794 ὅλη
867 1728 926 1792 pro
955 1701 988 1772 ol
1009 1701 1187 1788 ἀλώμενοι,
1225 1708 1260 1773 in
1282 1707 1396 1774 Trach.

294 1815 372 1874 964:
410 1807 507 1890 ξένων
529 1803 679 1892 &sopitos
705 1804 763 1896 ἥδε
784 1806 883 1894 βάσις
910 1832 969 1896 pro
996 1803 1112 1897 ἄνδρες
1132 1807 1218 1892 ξένοι
1244 1805 1397 1922 βαδίζαν-

292 1934 346 1990 ggg
361 1914 400 1992 5),
422 1949 465 1962 ..-

379 2015 536 2093 Quoniam
551 2015 779 2081 vocabulorum
795 2015 836 2081 ab
852 2016 977 2082 actione
999 2015 1111 2099 aliqua
1132 2014 1173 2080 ad
1196 2013 1312 2094 locum,
1335 2033 1399 2098 quo

293 2116 378 2182 actio
399 2115 451 2196 fit,
479 2117 710 2182 translatorum
732 2118 927 2183 mentionem
946 2118 1180 2198 inchoaverim,
1206 2109 1254 2182 rei
1276 2137 1399 2182 accom-

293 2219 459 2283 modatum
480 2218 597 2298 habeo,
635 2219 750 2303 quibus
773 2221 927 2304 exemplis
950 2221 1114 2304 Sophoclis
1141 2221 1174 2285 in
1203 2219 1301 2303 hujus
1323 2240 1400 2303 quo-

294 2342 356 2404 que
378 2319 601 2385 translationis
623 2343 683 2386 usu
705 2321 836 2386 licentia
857 2328 981 2407 quanta
1008 2324 1052 2388 sit
1080 2322 1321 2408 comprobetur,
1360 2342 1400 2387 ea

292 2443 378 2488 nuno
403 2422 654 2488 commemorari.
698 2424 870 2508 Egregium
899 2426 1093 2510 exemplum,
1127 2424 1213 2508 quod
1241 2424 1275 2488 in
1300 2423 1339 2489 0.
1362 2422 1398 2488 Ο.

294 2547 321 2588 v.
346 2529 407 2589 362
430 2526 607 2609 reperitur:

423 2627 562 2714 ζητοῦσα
582 2622 641 2714 τὴν
664 2623 723 2714 σὴν
744 2632 812 2694 ποῖ
835 2626 1022 2718 κατοικσίης
1042 2624 1166 2716 rodope

294 2751 367 2795 cum
396 2729 565 2814 plerosque
596 2730 734 2795 editores
766 2731 900 2815 fugisset
930 2732 1121 2798 scholiastae
1143 2729 1399 2815 explicationem,

293 2837 462 2918 quaeest:
501 2827 621 2913 δίαιτα,
643 2833 833 2916 probantes,
857 2833 1116 2898 Schneidewinus
1140 2833 1277 2914 „sedem
1299 2832 1400 2898 domi-

293 2936 422 3000 cilium“
444 2934 582 3018 intelligi
604 2933 719 3015 voluit,
758 2935 844 3019 quod
866 2955 963 3019 quam
994 2934 1105 3001 fecerit
1126 2942 1213 3001 recte
1234 2957 1273 3000 ex
1295 2936 1400 3001 verbis

293 3041 376 3102 ποῦ
409 3033 596 3125 καταικσίης
628 3039 795 3124 perspicue
824 3038 1035 3121 cognoscitur.
1080 3039 1182 3104 Notus
1211 3045 1261 3103 est
1287 3038 1400 3103 similis

294 3141 486 3206 substantivi
508 3136 658 3228 διατριβή
679 3161 770 3220 usus,
792 3139 878 3224 quod
900 3141 1005 3205 locum
1028 3139 1083 3205 nbi
1105 3141 1250 3206 homines
1270 3160 1400 3205 versan-

295 3249 363 3320 tur,
400 3243 515 3308 deinde
536 3244 707 3328 praecipue
729 3264 818 3324 enm,
851 3265 915 3327 quo
936 3244 1117 3328 philosophi
1140 3265 1213 3308 oum
1235 3243 1400 3327 discipulis

294 3343 429 3409 docendi
450 3363 548 3410 causa
568 3346 793 3428 ambularat),
817 3345 990 3429 significat3
1013 3346 1158 3412 conferas
1173 3367 1299 3430 quoque
1321 3341 1399 3411 ἕσι-

293 3626 407 3679 „arcum
424 3605 567 3662 tendere.“
602 3603 675 3660 Nam
698 3605 765 3674 quid
792 3605 845 3660 sibi
863 3607 924 3662 vult
941 3607 1023 3664 illud:
1049 3609 1167 3680 sagittas
1183 3612 1317 3668 tendere?
1352 3613 1399 3668 οο-

294 3701 385 3754 terum
403 3695 468 3751 vide
485 3694 612 3763 exempla
630 3709 647 3748 a
664 3693 808 3750 Dindorfio
826 3695 919 3749 allata.

348 3784 369 3853 ¹)
405 3783 440 3839 cf.
458 3782 482 3854 ᾗ.
501 3783 517 3834 8
536 3781 565 3834 in
582 3780 645 3836 fine.

347 3871 370 3941 ²)
404 3870 486 3926 1110.
504 3869 533 3924 (l.
554 3871 622 3922 1089
640 3870 681 3924 ite
697 3873 861 3940 usurpetur,
880 3872 913 3924 ut
929 3869 1064 3941 impetum
1081 3872 1229 3944 significet.

346 3959 369 4027 ³)
404 3958 531 4027 Kmeger
548 3958 585 4012 ad
602 3958 688 4014 Thuc.
706 3958 780 4027 VIII,
797 3959 840 4026 64,
857 3960 882 4013 2.

347 4045 370 4114 4)
405 4043 584 4100 Transfertur
600 4063 654 4101 vox
671 4043 791 4118 ἄμβασις
808 4048 893 4104 etiam
910 4047 948 4102 ad
964 4048 1068 4117 locum,
1088 4052 1120 4104 ut
1137 4046 1225 4115 βάσις.
1237 4080 1268 4090 -
1287 4049 1399 4107 tobes

294 4134 331 4190 ad
347 4131 392 4202 Aj.
413 4133 490 4184 1090.

347 4218 371 4289 t)
406 4217 562 4274 Meinekius
581 4235 609 4286 p.
628 4219 679 4272 303
703 4214 799 4279 στάσις
823 4219 907 4274 scribi
929 4221 1004 4288 vult,
1030 4222 1096 4290 quis
1112 4242 1138 4278 v.
1155 4224 1209 4278 967
1227 4223 1303 4280 idem
1319 4242 1399 4280 voca·

295 4308 392 4364 bulum
417 4301 498 4374 βάσις
519 4305 631 4375 legitur.
667 4301 763 4365 στάσις
785 4323 867 4375 saepe
890 4324 941 4377 pro
965 4311 992 4359 ol
1009 4306 1153 4380 ἱστάμενοι
1169 4316 1327 4381 usurpatur·
1363 4311 1399 4368 cf.

294 4395 384 4450 Schol.
402 4394 438 4449 ad
454 4393 502 4448 Ar.
520 4392 616 4447 Ranae
634 4396 694 4448 350.

348 4483 371 4551 ⁶)
405 4482 477 4536 Plat.
494 4481 583 4552 Leges
600 4481 647 4550 Vl,
666 4480 718 4534 ’160
734 4481 768 4536 n.
