3600 5334
949 598 989 663 32

417 787 525 847 turum
554 787 681 867 tempus
712 781 880 848 transitivo
910 788 1094 868 usurpatur.
1151 784 1265 849 Nescio
1297 784 1445 869 equidem
1477 804 1519 848 au

417 885 592 950 certissimo
616 885 760 950 vocabuli
783 888 873 972 βῆμα
903 887 975 951 usui
1003 887 1076 971 plus
1105 907 1202 970 quam
1231 887 1332 951 amori
1356 884 1521 968 Sophoclis

417 986 685 1072 significationum
708 988 952 1069 mutandarum,
990 989 1099 1052 multis
1128 988 1282 1073 exemplis
1308 988 1443 1072 probato
1464 990 1520 1052 tri·

418 1089 578 1155 buendum
601 1090 660 1170 sit;
697 1098 782 1156 certe
809 1093 954 1158 codicum
977 1091 1144 1156 lectionem
1166 1096 1290 1155 mutare
1313 1111 1376 1155 nou
1400 1090 1520 1168 ausim3

418 1196 467 1256 est
488 1193 571 1256 onim
595 1198 754 1275 quatenus
774 1195 919 1277 poeticae
941 1194 1090 1260 licentiae
1112 1194 1206 1258 venia
1227 1193 1298 1257 dari
1318 1193 1429 1276 possit.

869 1393 1074 1402 ..ια-ιι...-

762 1666 923 1746 illiricus
948 1691 1016 1769 pro
1041 1667 1180 1746 lldccto.

933 1928 1003 2012 §a

505 2066 658 2132 Similiter
680 2068 777 2146 atque
801 2062 938 2125 activam
961 2062 1145 2142 verborum,
1174 2063 1421 2148 adjectivorum,
1449 2067 1522 2131 sub-

419 2171 633 2235 stantivorum
658 2167 722 2230 vim
749 2166 891 2249 passiva,
925 2165 1086 2248 passivam
1108 2165 1213 2230 activa
1235 2187 1256 2230 a
1277 2167 1432 2250 Sophocle
1455 2189 1522 2233 sae·

420 2274 492 2356 pius
513 2279 547 2336 et
567 2270 699 2336 liberius
722 2288 818 2351 quam
841 2268 882 2332 ab
905 2268 978 2332 aliis
999 2269 1103 2350 poetis
1124 2306 1167 2316 -
1189 2269 1243 2350 qui
1266 2273 1299 2331 et
1319 2271 1381 2353 ipsi
1402 2271 1463 2336 hac
1485 2271 1523 2335 li-

420 2374 525 2439 centia
547 2394 611 2437 non
634 2370 798 2435 abstinent
817 2407 857 2416 -
881 2371 1002 2434 variari
1023 2371 1134 2434 multis
1155 2371 1309 2453 exemplis
1330 2375 1524 2457 comparatis

419 2476 640 2560 cognovimus,
677 2473 822 2537 notiones
843 2473 1064 2552 instrumenti,
1102 2492 1164 2556 quo
1186 2473 1263 2555 quid
1286 2471 1381 2553 effici,
1417 2481 1450 2540 et
1476 2475 1524 2539 rei

419 2579 535 2661 ipsius,
572 2597 654 2661 quae
678 2595 714 2640 eo
736 2575 949 2639 instrumento
973 2574 1053 2639 effici
1075 2575 1171 2654 solet,
1208 2576 1242 2639 in
1264 2597 1330 2640 una
1351 2596 1427 2641 voce
1450 2598 1524 2642 con·

416 2682 547 2764 junctas
568 2679 765 2743 inveniemus
788 2697 860 2741 cum
883 2677 968 2760 apud
990 2677 1108 2741 multos
1130 2677 1316 2759 scriptores,
1345 2682 1413 2742 tum
1437 2679 1523 2762 apud

421 2780 626 2866 Sophoclem,
662 2780 754 2863 cujus
776 2800 873 2861 quam
895 2779 1041 2864 egregius
1062 2800 1152 2843 amor
1174 2779 1315 2844 novandi
1337 2782 1395 2858 sit,
1431 2782 1523 2845 illum

420 2904 546 2967 quoque
576 2903 669 2946 usum
698 2883 879 2946 accuratius
907 2881 1142 2964 inquirentibus
1170 2882 1262 2946 nobis
1290 2884 1413 2948 occasio
1435 2884 1523 2948 dahi-

420 2996 489 3065 tur,
527 2990 564 3048 ut
585 2984 787 3049 observemus
809 2990 906 3066 atque
928 2984 1132 3049 admiremur.
1178 2983 1240 3049 Sed
1262 3007 1345 3068 quac
1366 2987 1461 3052 modo
1484 2987 1524 3052 de

421 3088 642 3152 instrumentis
664 3087 856 3171 generaliter
879 3086 962 3164 dixi,
998 3087 1106 3150 valent
1127 3087 1161 3150 in
1181 3107 1219 3151 ea
1241 3093 1384 3167 tantum,
1408 3090 1524 3172 quibus

421 3189 533 3254 eadem
562 3209 687 3272 sempor
716 3209 766 3253 res
796 3209 896 3272 eaque
927 3188 1015 3254 nullo
1045 3188 1109 3252 alio
1138 3189 1351 3255 instrumento
1379 3190 1523 3270 efficitur,

421 3293 592 3376 praecipue
615 3291 646 3354 in
669 3291 812 3374 corporis
834 3291 967 3354 humani
988 3290 1149 3367 membra,
1181 3297 1219 3354 ut
1241 3286 1358 3374 στόμα,
1380 3291 1522 3376 γλιῖσσα,

421 3397 515 3473 ποῦς,
539 3387 637 3476 ὄμμα.
684 3388 791 3475 στόμα
814 3398 846 3456 et
866 3392 1000 3476 γλῶσσα
1021 3393 1208 3476 saepissime,
1228 3414 1248 3457 a
1268 3397 1372 3477 podtis
1394 3396 1524 3478 tragicis

420 3518 515 3562 sensu
541 3495 744 3577 „verborum,
775 3496 948 3558 sermonis“
980 3496 1129 3579 usurpari
1156 3502 1284 3560 constat
1300 3501 1327 3579 ¹)
1350 3518 1453 3581 neque
1475 3503 1525 3561 est

421 3601 537 3664 mirum
546 3593 648 3678 }*cum
669 3597 759 3661 illam
780 3596 1001 3680 metaphoram
1023 3619 1147 3678 omnes,
1169 3599 1254 3682 quod
1276 3600 1390 3680 sciam,
1413 3601 1525 3684 populi

422 3721 622 3768 communem
644 3699 801 3778 habeant,
838 3699 871 3762 in
894 3700 1080 3764 memoriam
1105 3701 1197 3766 nobis
1219 3723 1331 3767 revoco
1353 3702 1523 3768 vocabula:

420 3803 569 3888 pleiotro,
609 3803 736 3885 lingua,
773 3801 897 3882 Zunge,
935 3801 967 3865 la
995 3802 1111 3886 langue
1140 3809 1200 3868 etc.
1255 3804 1307 3869 Sic
1329 3805 1524 3888 adjectivum

421 3898 574 3989 ἄστομος,
599 3904 684 3989 quod
699 3903 826 3985 saepius
850 3924 968 3986 „parvo
983 3924 1038 3969 ore
1052 3906 1236 3988 praeditus“
1261 3906 1467 3990 significat2),
1490 3908 1524 3970 in

421 4008 513 4092 frgm.
538 4012 578 4071 72
602 4012 687 4071 recte
710 4027 730 4070 a
752 4004 924 4069 scholiasta
946 4007 1141 4090 explicatur:
1165 4001 1183 4071 ὁ
1205 4005 1249 4094 μὴ
1272 4004 1449 4091 δυνάμενος
1467 4006 1525 4074 λέ-

421 4133 498 4196 γειν.
545 4109 593 4174 Ad
615 4109 699 4174 idem
720 4107 942 4172 translationis
964 4130 1064 4191 genus
1084 4110 1240 4193 pertinet,
1270 4112 1355 4193 quod
1376 4111 1525 4176 liberiore

494 4375 517 4444 l)
551 4374 663 4428 Brunck
681 4374 717 4428 ad
735 4374 817 4443 Soph.
834 4373 878 4429 El.
897 4376 958 4428 426.
993 4375 1163 4446 Interpretes
1179 4377 1215 4431 ad
1232 4375 1263 4432 0.
1282 4377 1310 4432 G.
1331 4381 1388 4433 1³1.

492 4463 514 4531 ²)
550 4460 586 4516 cf.
605 4462 621 4532 ξ
642 4463 684 4516 18.
