3600 5334
920 593 961 653 56

388 778 523 856 hastam,
545 776 565 842 i.
583 796 609 840 e.
633 775 805 860 pugnando
820 757 880 840 h'oc
894 774 1066 859 perficere“
1079 780 1114 853 Ι).
1131 812 1171 823 -
1187 773 1270 839 Phil.
1289 777 1363 838 129:
1387 768 1492 839 δολόω

388 876 516 967 μορφήν
538 878 653 943 simulo
676 878 821 962 speciem.
848 915 884 924 -
909 876 1000 960 frgm.
1024 883 1096 957 430,
1112 885 1146 942 4:
1170 880 1295 961 μετρῶν
1307 879 1336 958 2)
1358 870 1492 962 ὀφθαλ-

388 978 451 1065 μόν
473 982 600 1047 oculum
621 981 664 1046 ad
686 985 807 1044 certam
830 981 983 1063 regulam,
1006 986 1191 1045 constanter
1205 1000 1343 1043 movens.
1375 979 1491 1050 Vocem

389 1088 514 1171 μετρῶν·
536 1105 599 1148 uon
623 1089 806 1166 corruptam
834 1103 902 1148 esse
925 1104 964 1147 ex
985 1082 1090 1148 verbis
1111 1076 1196 1146 ὥστε
1216 1077 1322 1144 κανών
1343 1081 1501 1162 intelligi-‘

390 1179 443 1251 tur
459 1189 495 1265 3).
520 1223 562 1233 —-
584 1185 634 1269 Α).
659 1190 738 1250 435;

518 1283 560 1351 τὰ
583 1291 699 1375 πρῶτα
720 1279 898 1351 καλλιστεΐ
920 1279 1127 1374 decoratam,

363 1461 367 1468 ,
391 1389 430 1453 de
452 1389 567 1472 quibus
589 1390 694 1454 verbis
715 1390 841 1472 egregie
867 1389 946 1453 dicit
967 1389 1189 1453 Hermauous:
1230 1388 1400 1468 „Notauda
1430 1409 1494 1452 ser·

275 1514 278 1520 ·
387 1491 493 1555 ononis
515 1491 631 1576 poetici
646 1491 782 1556 audacia
804 1483 999 1576 ἀριστεύσας
1020 1513 1077 1575 pro
1099 1486 1209 1575 λαβὼν
1231 1490 1326 1570 („sibi
1341 1495 1493 1573 parans“)

390 1595 437 1677 τῷ
458 1584 649 1679 optaveram
673 1595 839 1658 novantis“
858 1595 896 1674 4).
925 1635 961 1644 -
999 1594 1098 1659 Paulo
1122 1593 1302 1668 accuratius
1325 1591 1494 1656 dicendum

391 1702 440 1758 est
462 1695 501 1759 de
523 1696 635 1775 verbis,
659 1717 741 1780 quae
763 1697 795 1760 in
819 1697 869 1779 Α).
886 1701 948 1760 439
971 1696 1135 1780 leguntur:

521 1790 590 1862 οὐδ’
611 1793 688 1885 ἔργα
708 1794 791 1880 μείω
811 1794 918 1884 χειρὸς
938 1791 1077 1884 ἅρκέσας
1096 1796 1183 1885 ἐμῆς.

475 1900 674 1966 Vocabulum
696 1895 836 1988 ἄρκέσας
858 1921 930 1966 cum
952 1902 1096 1984 plerique
1113 1903 1250 1966 editores
1272 1893 1379 1984 ἀρκῶν
1401 1902 1494 1985 (βοη-

391 2004 477 2079 θῶν)
493 1999 629 2090 πράξας,
653 2005 673 2068 i.
690 2025 717 2068 e.
743 2024 799 2084 „eo
822 2003 907 2084 quod
930 2002 1090 2067 sufficiunt
1111 2003 1194 2067 vires
1216 2001 1373 2067 efficiens‘
1397 2003 1494 2064 inter-

390 2105 510 2186 pretati
532 2109 657 2181 essent,
689 2106 775 2170 solus
798 2104 972 2188 Seyffertus
999 2127 1061 2170 non
1085 2111 1253 2170 contentus
1274 2104 1335 2168 hac
1357 2103 1495 2186 explica-

391 2207 477 2270 tione
506 2205 694 2291 Sophoclem
723 2202 843 2294 ᾰρκεῖν.
862 2202 938 2292 ἔργα
971 2208 1004 2275 in
1038 2208 1121 2272 hauc
1154 2208 1347 2272 seutentiam
1379 2206 1495 2269 dixisse

391 2309 531 2392 putavit:
557 2313 670 2390 „rebus
685 2311 832 2394 gerendis
844 2331 956 2394 parem
968 2311 1016 2374 vel
1032 2309 1238 2374 sufficientem
1253 2314 1351 2386 esse“‚
1373 2315 1495 2373 rectum

391 2411 458 2474 sine
481 2411 577 2476 dubio
600 2414 749 2488 sentiens,
772 2435 830 2477 nec
853 2420 961 2476 tamen
984 2419 1133 2477 accurate
1155 2412 1279 2490 dioens;
1314 2432 1387 2474 uam
1411 2409 1495 2493 quod

390 2513 483 2591 dicit,
526 2513 558 2578 id
587 2515 691 2579 verbo·
711 2506 821 2599 ἅρκεῖν
850 2535 922 2578 cum
950 2515 1057 2578 dativo
1088 2510 1258 2596 conjuncto
1288 2512 1495 2596 significatur,

392 2637 465 2680 oum
496 2617 675 2682 accusativo
705 2617 911 2698 conjunctum
942 2617 1070 2681 verbum
1101 2617 1184 2681 hanc
1212 2617 1274 2679 vim
1297 2615 1410 2680 habet:
1450 2619 1495 2693 [eo

393 2719 477 2800 quod
501 2718 561 2804 vel]
585 2719 661 2802 quia
683 2720 777 2784 rebus
807 2720 954 2803 gerendis
982 2741 1042 2802 par
1064 2741 1153 2798 sum,
1186 2739 1241 2782 eas
1272 2718 1418 2802 perfici03
1455 2716 1493 2780 cf.

393 2814 487 2884 οὐδὲν
508 2813 618 2907 α’ρκεῖν
640 2822 673 2885 in
697 2843 724 2884 v.
742 2825 804 2885 590
821 2824 858 2903 5).
888 2860 922 2868 -
953 2822 996 2886 Ut
1018 2820 1193 2886 disserendi
1216 2821 1255 2885 de
1278 2820 1337 2884 hoc
1358 2819 1495 2883 transla-

394 2923 489 2987 tionis
512 2944 626 3005 genere
649 2924 780 2987 tandem
802 2923 898 2988 finem
920 2925 1054 3004 faciam,
1087 2925 1183 2988 verbo
1213 2929 1341 2987 tantum
1363 2943 1497 2986 comme-

394 3046 482 3090 moro
505 3025 539 3090 iu
563 3026 636 3089 Ant.
654 3030 715 3089 756
738 3021 908 3090 κωτίλλειν
930 3026 1124 3106 siguificare:
1165 3026 1375 3108 „garrulitate
1402 3025 1497 3091 mole-

394 3132 499 3192 stare“
517 3129 556 3206 6),
580 3134 676 3210 atque
698 3128 731 3191 in
755 3129 803 3192 El.
822 3128 861 3192 31
886 3128 1085 3193 substantivo
1106 3124 1218 3214 καιρός
1240 3130 1303 3192 vim
1326 3130 1405 3192 recti
1426 3127 1497 3192 sub-

390 3230 511 3312 jectam
539 3251 607 3294 esse
630 3230 680 3294 vel
702 3232 890 3310 ‘„comm0di
912 3233 997 3314 quod
1020 3232 1111 3315 quasi
1134 3254 1173 3296 ex
1196 3231 1363 3296 observata
1386 3251 1497 3315 oppor-

393 3332 533 3396 tunitate
556 3332 731 3397 redundat“
750 3336 788 3415 ⁷).

450 3487 469 3557 ¹)
504 3487 546 3540 Do
565 3487 681 3540 aliorum
700 3489 843 3541 sententiis
862 3489 893 3540 of
910 3488 1089 3542 Ellendtium.

447 3575 470 3637 ²)
506 3575 550 3628 Sic
567 3574 762 3629 Valckenarius
785 3580 858 3628 reste
878 3577 990 3645 scripsit
1006 3593 1056 3644 pro
1074 3579 1189 3646 μέτρων.

446 3661 469 3730 3)
504 3661 598 3716 Solent
615 3666 721 3732 poetae,
740 3663 763 3715 si
781 3664 918 3732 particula
936 3659 1005 3715 ὥστε
1022 3665 1066 3718 vel
1084 3665 1145 3717 aliis
1160 3667 1248 3718 simile
1266 3666 1425 3734 adnectunt,
1441 3666 1499 3734 jam

393 3749 421 3801 in
440 3750 620 3803 antecedente
643 3751 779 3804 enuntiati
803 3755 883 3820 parte
907 3752 1022 3805 verbum
1046 3753 1164 3822 eligere,
1195 3754 1269 3821 quod
1293 3755 1328 3807 ad
1352 3754 1499 3822 imaginem

395 3840 490 3905 aptum
508 3839 553 3890 sit.
588 3837 624 3891 cf.
643 3837 707 3892 Ant.
730 3842 778 3893 112
792 3857 849 3907 sqq.
868 3839 961 3908 ibique
979 3840 1141 3895 Bdckhium.

449 3924 471 3992 ⁴)
507 3923 542 3977 cf.
560 3943 584 3978 v.
607 3926 681 3978 1300.

448 4013 469 4078 ⁵)
506 4012 542 4066 cf.
559 4029 629 4080 quae
647 4012 681 4064 de
700 4011 744 4080 Α).
758 4014 810 4064 360
829 4015 857 4064 et
874 4013 939 4067 ant.
953 4016 1005 4069 612
1025 4016 1173 4084 disputabo
1191 4014 1215 4084 ξ.
1229 4016 1271 4069 27.

448 4099 471 4168 ⁶)
508 4099 591 4153 Secus
610 4104 704 4153 censet
722 4100 859 4153 Bdckhius
876 4118 903 4168 p.
919 4103 978 4154 278.

448 4189 471 4247 Ἰ)
508 4187 630 4242 Ellendt.
648 4187 669 4240 1.
688 4206 715 4257 p.
727 4189 787 4241 901,
808 4187 843 4244 cf.
861 4189 959 4257 λέγειν,
977 4194 1091 4260 φρονεῖν
1101 4192 1194 4260 καίρια
1211 4189 1254 4244 ΕΙ,
1266 4193 1325 4257 228,
1345 4191 1406 4242 aliis
1424 4191 1501 4244 locis.

848 4309 1054 4319 Μῄ-

852 4377 1045 4458 dorrlgeudar

456 4503 520 4556 pag.
555 4487 878 4556 Svers.181egendum
896 4490 939 4540 ost
964 4487 1030 4539 1214
1169 4504 1219 4555 pro
1238 4490 1288 4538 914

479 4597 494 4625 ,,
557 4559 574 4608 9
615 4597 631 4627 ,‚
682 4559 713 4609 13
794 4597 809 4627 ,‚
909 4598 925 4626 ,‚
958 4560 1034 4609 satus
1184 4596 1200 4625 „
1236 4559 1326 4610 sertus

479 4667 494 4697 ‚‚
539 4628 578 4750 c
615 4667 631 4696 ‚‚
682 4629 714 4680 ¹⁵
792 4668 808 4697 ‚‚
908 4667 924 4696 ‚‚
954 4626 1097 4750 cur
1185 4667 1201 4696 ‚‚
1236 4626 1322 4750 cre

479 4737 501 4839 ,ζ’
541 4769 575 4820 24
612 4738 629 4838 :J
682 4738 712 4821 i'l
790 4739 806 4838 ζ)
907 4737 926 4837 ζ’,
956 4762 1142 4839 διεπεραιώθη
1182 4737 1201 4836 ,Ἴ
1236 4763 1427 4838 accumulatae

479 4879 495 4908 u
543 4839 576 4891 ²8
612 4880 628 4908 rr
683 4839 715 4891 ¹⁸
789 4880 805 4909 a
912 4879 928 4908 a
960 4838 1033 4906 qu⁰d
1185 4879 1201 4907 n
1241 4839 1308 4906 qnid
