3600 5334
937 585 978 648 52

409 791 481 835 cum
498 769 682 834 Erfurdtius
703 775 736 832 et
751 769 956 833 Hermannus
977 791 1016 833 ea
1030 770 1234 855 interpretati
1249 777 1371 836 essent:
1397 793 1512 856 „quam

409 872 487 938 mihi
510 871 680 936 sessionem
697 870 865 946 festinatis,
888 872 908 935 i.
925 893 951 935 e.
976 894 1038 955 quo
1060 872 1166 937 studio
1187 874 1302 938 venitis
1323 881 1463 939 sessum*
1476 880 1512 953 1),

411 977 625 1040 Buttmannus
642 974 672 1057 ²)
704 972 868 1036 Plutarchi
891 973 931 1037 de
953 974 1027 1038 aud.
1052 977 1134 1057 polit.
1166 997 1196 1059 p.
1214 979 1254 1038 22
1277 979 1307 1039 E
1327 981 1361 1041 et
1384 977 1513 1057 Etymo-

410 1075 503 1159 logici
525 1075 634 1158 magni
657 1074 831 1138 autoritate
854 1075 943 1139 nisus
972 1077 1035 1140 vim
1065 1077 1196 1142 sedendi
1226 1079 1259 1141 in
1282 1080 1377 1142 verbo
1400 1075 1513 1158 θοάζω

409 1182 513 1244 inesse
530 1179 561 1262 3)
583 1197 778 1261 quamquam
807 1177 969 1260 plerisque
997 1179 1175 1243 editoribus
1196 1182 1371 1263 persuasit,
1404 1188 1513 1245 tamen

410 1303 528 1359 vereor,
552 1287 588 1344 ut
609 1281 642 1344 id
665 1280 879 1344 demonstrari
901 1281 1017 1362 possit;
1055 1288 1141 1345 certe
1163 1280 1315 1346 hocloco
1337 1282 1514 1367 Sophocleo

411 1407 467 1448 cur
490 1383 667 1446 Hermanni
691 1381 861 1467 explicatio
891 1383 1089 1465 improbetur
1110 1405 1173 1446 non
1196 1384 1286 1449 video
1308 1406 1448 1449 causam.
1471 1423 1515 1434 -

410 1488 447 1552 In
471 1485 613 1570 ejusdem
637 1483 763 1549 fabulae
785 1506 813 1547 v.
833 1487 904 1562 205,
928 1505 1021 1567 quem
1045 1486 1090 1549 sic
1111 1486 1267 1569 praebent
1287 1489 1427 1553 codices:

538 1585 637 1670 βέλεα
659 1579 790 1667 θέλοιμ’
810 1578 849 1649 dv
871 1578 1012 1668 oiddpor'
1034 1584 1256 1668 ἐνδατεῖσθαι,

409 1693 443 1756 in
466 1712 541 1755 voce
572 1686 785 1754 ἐνδατεῖσθαι
813 1695 942 1772 praeter
970 1688 1133 1773 vulgarem
1163 1712 1254 1755 usum
1278 1692 1402 1775 passive
1424 1714 1514 1757 usur-

410 1800 487 1878 pata
502 1815 564 1856 non
580 1791 788 1876 praedicandi
804 1792 890 1856 notio
906 1792 997 1870 inest,
1015 1813 1111 1875 quam
1127 1793 1302 1858 Hermanui
1318 1801 1351 1857 et
1362 1794 1515 1860 Ellendtii

411 1897 590 1980 opinionem
614 1893 732 1958 refellit
747 1893 937 1969 Wunderus‚
960 1894 1016 1958 sed
1038 1896 1175 1978 sagittae
1197 1894 1260 1958 huc
1280 1895 1358 1960 illuc
1380 1897 1514 1962 emissae

410 1996 640 2081 significantur,
664 2002 700 2059 ut
723 1995 895 2059 scholiasta
917 1995 1011 2060 dicit:

538 2095 580 2162 τὰ
604 2093 756 2180 ολδάματα
777 2093 1056 2183 καταμερίζεσθαι
1078 2091 1126 2176 εἰς
1147 2091 1256 2163 αὐτὸν.

495 2202 675 2266 Admodum
698 2201 827 2284 dignus,
862 2201 917 2283 qui
945 2206 1224 2281 commemoretur,
1259 2208 1308 2267 est
1329 2224 1405 2268 usus
1427 2204 1515 2270 verbi

411 2299 475 2391 ῥύεο
497 2306 543 2368 in.
553 2305 588 2368 Ο.
605 2305 641 2367 R.
660 2308 720 2367 312
745 2303 793 2366 bis
814 2304 946 2387 propria
968 2302 1199 2386 significatione
1224 2307 1378 2389 usurpati,
1402 2306 1435 2370 in
1452 2312 1516 2371 ter·

412 2408 458 2472 tia
479 2406 637 2470 enuntiati
660 2413 751 2488 parte
773 2427 854 2470 novo
876 2406 972 2469 modo
995 2407 1132 2489 repetiti,
1156 2427 1227 2469 curn
1249 2406 1367 2471 verbis:

540 2511 635 2591 ῥῦσαι
657 2506 693 2573 δὲ
714 2513 782 2572 πᾶν
803 2502 934 2589 μίασμα
955 2511 1015 2571 τού
1037 2502 1236 2595 τεθνηκότος

411 2611 490 2675 haec
523 2611 589 2675 fere
623 2613 782 2675 sententia
817 2610 986 2675 efferatur:
1027 2610 1164 2674 salutem
1194 2609 1362 2674 adlaturus
1390 2633 1516 2676 omnem

410 2713 635 2779 contumeliam
659 2735 770 2778 amove
794 2734 813 2776 a
835 2720 971 2776 mortuo.
1056 2713 1147 2790 Quod
1169 2713 1323 2777 audacter
1344 2713 1378 2776 in
1400 2713 1513 2778 Trach.

412 2821 473 2880 620
496 2816 578 2879 dixit
601 2819 712 2898 pocta:
747 2809 912 2896 πομπεύω
933 2815 1060 2902 τέχνην,
1093 2815 1172 2878 bene
1195 2815 1291 2879 vertit
1313 2815 1515 2879 Hermannus

409 2919 443 2983 in
474 2918 558 2983 hunc
588 2917 733 2982 modum:
774 2917 956 2998 „mandatis
985 2916 1185 3001 perferendis
1214 2938 1345 2983 exerceo
1375 2923 1513 2995 artem“;

410 3021 505 3086 verbo
528 3021 627 3103 igitur
647 3015 811 3102 πομπεύειν
838 3041 997 3102 quaenam
1027 3016 1120 3105 τέχνη
1147 3019 1355 3102 intelligenda
1376 3020 1418 3084 sit
1440 3017 1515 3083 defi·

410 3125 498 3189 nitur
514 3126 555 3204 4).
580 3160 617 3170 -
642 3123 727 3186 Nota
749 3129 823 3185 sunt
845 3122 942 3187 haee:
965 3120 1120 3186 κλέπτειν
1138 3116 1173 3184 τί
1195 3121 1278 3185 clam
1300 3122 1423 3205 aliquid
1446 3143 1515 3205 per-

408 3234 535 3311 petrare
553 3230 591 3306 ⁵),
623 3226 745 3290 11:137:
772 3220 914 3311 σφαγάς,
946 3231 1023 3290 111ε
1047 3221 1124 3299 τούς
1145 3216 1240 3301 εύνολς
1261 3219 1514 3305 ὑποκλεπτομέ-

409 3351 482 3406 νους
504 3329 586 3392 clem
603 3330 629 3400 6)
662 3328 721 3390 sibi
751 3327 991 3391 matrimonium
1021 3331 1192 3411 parantes,
1235 3328 1283 3411 Α).
1301 3333 1398 3392 1137:
1433 3323 1516 3389 κακὰ

409 3429 571 3510 κλέπτειν,
597 3431 668 3494 Ant.
694 3434 773 3492 493:
797 3424 940 3506 κλοπεύς
962 3429 1116 3512 proditor,
1145 3429 1194 3492 El.
1222 3435 1297 3493 170:
1321 3422 1453 3514 ἀγγελία
1475 3421 1514 3491 α’-

409 3531 588 3615 πατωμένα
610 3532 742 3598 nuntius
757 3554 857 3596 vanus
878 3532 996 3595 allatus
1013 3535 1058 3611 ⁷);
1080 3525 1256 3617 ὑπουργεῖν
1276 3555 1311 3596 τι
1332 3531 1515 3616 adjuvando

409 3637 532 3701 efficere
554 3635 678 3718 aliquid
700 3635 892 3715 El.461⁸>;
916 3635 1053 3718 denique
1075 3633 1279 3699 Homericum
1302 3633 1400 3699 illud:

465 3807 484 3874 ι)
522 3807 552 3860 e.
574 3789 693 3874 certius,
714 3805 834 3859 crunni.
853 3805 879 3857 ο.
898 3804 1299 3874 griaunrym01.1,p.mr.

461 3895 483 3962 ²)
519 3894 548 3946 in
566 3893 686 3962 lexilogo
704 3893 738 3960 ΙΙ,
760 3894 822 3945 205.
843 3922 874 3931 -
912 3892 1007 3961 Reisig
1032 3896 1208 3946 commentat.
1235 3893 1296 3947 crit.
1322 3893 1357 3947 de
1375 3892 1405 3945 0.
1425 3894 1465 3961 C.,
1489 3911 1515 3947 v.

411 3984 487 4036 1162.
500 4013 533 4022 -
553 3981 685 4034 Wunder.
707 3996 779 4032 cens.
799 3980 842 4032 ed.
862 3977 930 4032 Lob.
955 3998 982 4047 p.
1004 3981 1052 4031 103
1067 3997 1124 4048 sqq.

435 4135 439 4142 1
461 4070 483 4137 3)
520 4068 633 4122 Refellit
651 4068 724 4120 hanc
743 4066 900 4135 opinionem
920 4066 1093 4125 Hermannus
1110 4069 1145 4122 ad
1163 4068 1261 4121 Aesch.
1280 4068 1375 4136 Suppl.
1396 4067 1455 4120 oto.

460 4158 482 4224 ⁴)
517 4156 656 4210 Nauckius
675 4155 840 4208 necessitate
857 4171 913 4208 non
931 4158 1043 4208 coactus
1060 4150 1197 4226 πομπεύω
1214 4158 1305 4207 mutat
1325 4156 1354 4208 in
1367 4150 1513 4226 πρεσβεύω.

460 4245 482 4312 5)
518 4244 615 4298 Stallb.
634 4244 669 4296 ad
686 4243 757 4296 Plat.
780 4242 864 4311 Legg.
884 4241 932 4311 IX,
951 4243 1003 4294 876
1018 4247 1051 4297 Β.
1089 4243 1123 4297 of.
1142 4243 1201 4312 §ll
1224 4243 1313 4297 initio.

460 4333 482 4400 ⁶)
518 4331 639 4384 Attende
656 4332 713 4385 vim
733 4331 945 4399 praepositionis
965 4326 1029 4383 ύπό.

461 4421 482 4488 ⁷)
520 4420 551 4473 G.
570 4417 665 4473 Wolff.
684 4418 719 4471 ad
736 4436 761 4471 v.
775 4417 816 4471 3'1.

460 4507 483 4576 8)
518 4505 552 4560 cf.
572 4501 666 4577 ἀρωγά
683 4506 713 4558 in
731 4507 830 4559 usca.
