3600 5334
943 601 984 662 34

409 781 490 846 Phil.
518 787 594 846 171:
632 779 714 867 μηδὲ
737 775 918 867 σύντροφον
938 773 1016 864 ὄμμ’
1041 777 1123 864 ἔχων
1152 783 1328 867 significat:
1369 803 1427 861 „ne
1457 783 1514 848 ad-

408 890 550 967 spectum
574 885 702 968 quidem
723 884 860 950 hominis
884 885 980 949 vieini
1002 885 1154 950 habeus.“
1201 886 1238 951 ln
1255 886 1401 970 Aj.1004
1423 876 1514 968 ὄμμα

408 986 519 1051 eodem
547 1007 641 1052 seusu
673 985 752 1061 dici,
787 1006 890 1069 neque
915 987 1044 1069 Ajacem
1073 988 1178 1072 ipsum
1211 988 1377 1069 „oculum“
1414 988 1514 1052 nomi-

407 1090 522 1166 nari1)
550 1089 625 1153 inde
652 1086 828 1168 colligitur,
861 1088 948 1172 qnod
969 1091 1164 1174 adjectivum
1187 1088 1372 1156 δυσθέατον
1394 1090 1436 1155 ad
1457 1112 1513 1154 uo-

407 1191 526 1255 tionem
549 1189 631 1254 oculi
655 1211 720 1254 non
742 1196 853 1273 aptum
878 1197 943 1271 est,
966 1193 1022 1256 sed
1043 1214 1116 1257 cum
1139 1193 1352 1272 substantivo,
1383 1195 1435 1258 cui
1457 1215 1513 1257 no-

407 1294 453 1358 tio
475 1292 648 1377 spectaculi
671 1299 735 1370 est,
759 1292 965 1375 conjunctum
989 1295 1147 1376 oxyntem,
1171 1313 1268 1378 quam
1284 1295 1411 1374 dicunt,
1434 1293 1512 1378 fign-

407 1416 477 1460 rem
498 1394 584 1478 apud
607 1398 719 1478 petitas
741 1397 880 1478 tragicos
902 1395 1146 1460 usitatissimam
1168 1396 1272 1462 efficit.
1286 1435 1328 1444 -
1352 1397 1513 1462 Audacter

408 1496 579 1581 Sophocles
602 1498 756 1562 vocabulo
778 1489 869 1581 ὄμμα
890 1498 925 1560 in
948 1496 998 1560 El.
1019 1502 1079 1562 905
1103 1519 1180 1562 usus
1202 1506 1266 1578 est,
1289 1501 1345 1565 ubi
1367 1499 1447 1564 haec
1469 1499 1513 1564 le-

407 1606 544 1684 guntur:
1337 1586 1341 1589 ’

537 1694 673 1782 ἐμπαίει
694 1696 729 1765 τί
748 1723 807 1784 μοι
828 1706 919 1789 ψυχῇ
940 1697 1081 1788 σύνηθες
1102 1693 1203 1784 ὄμμα.

406 1803 610 1869 Hermannus
633 1803 832 1886 conjectura,
865 1826 962 1888 quam
990 1804 1031 1869 ad
1055 1805 1130 1870 Eur.
1155 1805 1231 1870 Hec.
1256 1809 1317 1869 433
1340 1826 1511 1889 proposue-

407 1912 475 1971 rat:
499 1897 615 1988 ὄνομα,
638 1906 759 1988 rejecta
780 1907 814 1971 in
837 1907 1044 1972 adnotatione
1066 1907 1109 1972 ad
1131 1906 1277 1972 Electrae
1298 1921 1424 1972 versum
1447 1928 1510 1971 non

406 2010 543 2074 multum
567 2008 687 2073 recedit
710 2029 730 2072 a
751 2009 943 2074 scholiastae
964 2011 1113 2093 opinione
1134 2009 1213 2074 haec
1236 2009 1462 2074 adscribentis:

534 2104 642 2195 ὅραμα
664 2105 683 2174 d
704 2103 757 2174 ἀεὶ
779 2106 1004 2198 ἐφανταζόμην
1026 2108 1110 2176 κατὰ
1130 2107 1238 2199 ψυχὴν
1254 2114 1292 2194 ²).

406 2213 662 2278 Schneidewinus
690 2212 827 2278 conferri
853 2213 946 2296 jubet
969 2214 1081 2280 Aesoh.
1104 2214 1246 2298 Chodph.
1270 2217 1349 2291 238,
1387 2212 1441 2276 ubi
1463 2220 1512 2276 ta·

406 2335 479 2380 men
502 2314 732 2380 Valckenarius
747 2317 775 2393 ³)
805 2306 909 2399 ὄνομα
940 2317 1142 2382 scribendum
1171 2338 1240 2382 esse
1260 2322 1379 2400 putans
1399 2314 1512 2380 Perse

406 2439 484 2482 num
500 2421 526 2492 ⁴)
550 2416 679 2500 quidem
701 2418 974 2482 contradicentem
997 2425 1030 2483 et
1052 2410 1143 2501 ὄμμα
1164 2417 1401 2497 defendentem,
1431 2418 1512 2484 Her·

406 2541 560 2586 mannum
583 2527 689 2585 autern
721 2530 754 2585 et
778 2519 980 2585 Diudorfium
1003 2527 1049 2602 (et
1066 2521 1141 2605 jure
1162 2521 1290 2605 opinor)
1312 2522 1512 2585 consentien-

405 2631 455 2688 tes
476 2622 589 2688 habet:
620 2622 715 2686 aliter
743 2623 841 2688 etiam
865 2629 1070 2707 comparatus
1096 2631 1145 2688 est
1166 2623 1363 2688 Philoctetae
1385 2622 1425 2687 de
1447 2643 1510 2706 qno

406 2747 507 2809 nuper
536 2726 603 2791 dixi
632 2746 742 2790 versus
770 2728 878 2809 (171),
918 2727 995 2810 quia
1022 2728 1056 2790 in
1083 2726 1229 2790 Electrae
1258 2747 1352 2790 versu
1380 2726 1510 2808 species,

406 2848 488 2912 quae
510 2828 702 2893 adumbrata
725 2828 832 2892 animo
855 2829 1056 2908 obversatur,
1078 2830 1208 2893 notione
1233 2827 1452 2911 „adspectns“‚
1475 2835 1512 2892 ut

406 2932 453 2995 ita
475 2931 593 3011 dicam,
616 2950 636 2994 a
658 2951 789 3014 corpore
812 2930 853 2995 ad
876 2931 1018 2996 animum
1041 2931 1201 2996 translata
1223 2931 1432 3015 intelligenda
1453 2937 1510 3009 est,

406 3034 553 3099 similiter
575 3053 612 3098 ac
635 3040 745 3097 nostra
767 3054 823 3098 nos
852 3033 964 3118 lingua
987 3033 1155 3116 „Gesicht“
1184 3038 1320 3117 utroque
1348 3033 1443 3098 modo
1465 3034 1511 3097 di-

406 3138 515 3201 cimus.
546 3172 588 3183 -
623 3135 705 3198 Huic
735 3134 804 3199 loco
835 3135 1032 3220 adjungatur
1062 3135 1139 3202 Oed.
1169 3135 1264 3217 Regis
1293 3157 1320 3200 r.
1345 3140 1423 3215 533,
1456 3135 1511 3199 ubi

408 3233 591 3325 πρόσωπον
616 3236 675 3318 „de
698 3257 735 3300 eo
758 3238 883 3316 dieitur,
907 3240 993 3322 quod
1016 3240 1088 3323 quis
1109 3237 1199 3301 vultu
1222 3257 1300 3320 prae
1315 3257 1348 3300 se
1363 3236 1445 3302 fert“
1464 3241 1509 3318 ⁵):

536 3328 556 3426 ἦ
578 3332 707 3404 τοσόνδ’
730 3334 812 3420 dignm
832 3335 956 3428 τόλμης
976 3335 1173 3426 πρόσωπον,
1198 3333 1283 3403 ὥστε
1306 3378 1343 3386 -

410 3441 527 3507 Confer
549 3448 709 3506 nostrum:
735 3443 837 3523 „Hast
859 3444 902 3508 du
925 3444 976 3507 die
999 3442 1126 3507 Sciron
1151 3443 1263 3508 deinde
1286 3465 1314 3506 v.
1339 3448 1418 3508 448:

537 3534 575 3606 od
597 3539 636 3606 τὸ
659 3539 718 3608 σὸν
739 3539 851 3622 δείσας
873 3540 1065 3632 πρόσωπον,

410 3646 547 3728 denique
570 3645 650 3709 Phil.
679 3651 754 3712 110:

538 3751 613 3824 πῶς
634 3736 690 3813 οὖν
710 3746 848 3832 βλέπειν
869 3771 922 3826 τις
942 3752 1045 3813 ταῦτα
1066 3743 1223 3835 τολμήσει
1246 3749 1366 3814 λαλεῖν.

465 4040 487 4109 ¹)
517 4044 550 4092 ut
565 4055 591 4092 v.
609 4038 678 4092 977:

575 4118 596 4176 αλ
614 4121 724 4196 φίλτατ’
742 4128 814 4180 Αἴας
819 4161 827 4185 ,
847 4116 869 4173 αλ
887 4119 1020 4192 ξύναιμον
1036 4118 1106 4191 ὄμμ’
1125 4121 1195 4190 ἐμοὶ.

418 4261 420 4266 2
464 4213 487 4283 ²)
518 4212 553 4267 cf.
571 4213 673 4281 Reisig.
694 4212 729 4266 ad
747 4211 814 4266 Oed.
832 4210 887 4265 001.
911 4212 986 4263 1080.

463 4301 486 4369 3)
516 4300 551 4354 ad
568 4299 634 4353 Eur.
651 4298 754 4356 Phoen.
771 4301 831 4352 415.

463 4388 487 4451 4)
517 4387 554 4440 ad
572 4385 660 4440 Orest.
681 4387 757 4439 1080.

464 4477 487 4544 ⁵)
516 4475 667 4527 Hermanni
685 4473 781 4542 verba,
800 4473 900 4541 quibus
917 4472 1022 4539 optime
1042 4470 1196 4538 explicatur
1214 4471 1299 4524 locus.
