3600 5334
805 628 842 688 19

270 810 368 876 verba
389 831 471 894 quae
494 809 529 874 iu
551 808 633 880 Phil.
658 832 684 877 v.
704 813 766 874 708
789 810 957 894 leguntur:
986 804 1113 896 φορβὰν
1134 803 1235 897 αἴρων
1256 833 1276 877 a
1298 811 1376 877 Diu·

271 912 372 978 dorfio
395 912 496 977 allata
518 917 601 976 sunt.
629 949 666 959 -
698 911 864 997 Paulisper
886 933 1047 983 moremur
1068 920 1195 996 oportet
1217 915 1251 978 iu
1274 915 1376 980 consi·

155 1011 166 1032 '
272 1015 413 1080 derando
436 1035 529 1078 versu
552 1014 588 1079 O.
613 1013 649 1077 R.
675 1018 752 1078 640:

400 1115 519 1200 δρᾶσαι
540 1116 672 1196 δικαιοῖ,
696 1115 787 1180 δυοῖν
808 1107 990 1199 ἀποκρίνας
1011 1118 1133 1197 κακοῖν,

273 1238 368 1302 quem
389 1239 452 1301 quo
470 1219 544 1303 jure
567 1219 619 1283 hio
641 1238 903 1298 commemorem,
936 1239 976 1282 ex
1003 1219 1220 1303 disputatione
1242 1238 1377 1302 appare·

271 1320 328 1385 bit.
374 1321 411 1386 In
433 1321 529 1386 verbo
552 1315 722 1407 ἀποκρίνου
744 1320 820 1404 quia
842 1321 929 1385 notio
959 1322 1044 1385 inest
1073 1321 1276 1405 segregandi,
1306 1320 1377 1389 uul-

270 1423 335 1487 lam
358 1424 450 1488 video
473 1445 611 1503 oausam,
635 1444 692 1488 our
706 1424 811 1508 medio
827 1422 914 1488 verbi
930 1443 1062 1506 genere:
1086 1423 1166 1504 „sibi
1178 1429 1376 1507 segregare“‚

270 1526 289 1589 i.
307 1547 334 1590 e.
360 1547 398 1608 „a
420 1526 561 1610 partium
577 1545 709 1590 numero
725 1545 822 1589 unam
838 1525 898 1590 sibi
915 1545 1081 1608 segregare
1096 1524 1147 1590 vel
1163 1525 1298 1609 eligere“
1324 1546 1378 1593 ex·

270 1628 367 1711 primi
389 1634 486 1712 atque
508 1629 619 1693 addito
641 1627 786 1712 genetivo
809 1647 869 1704 res,
892 1647 932 1690 ex
947 1626 1063 1710 quibus
1078 1628 1226 1712 eligatur,
1242 1627 1378 1692 indicari

272 1749 438 1812 negemus;
469 1729 595 1813 quade
617 1750 714 1795 eausa
736 1730 775 1795 de
797 1750 831 1793 se
853 1730 880 1792 si
903 1728 1006 1794 Creon
1031 1730 1166 1794 diceret:
1196 1723 1378 1816 ἀποκρινά-

271 1853 369 1913 μενος
390 1831 481 1896 δυοῖν
502 1833 626 1912 κακοῖν,
650 1854 713 1897 non
736 1833 936 1911 miraremur,
959 1832 1014 1896 sed
1037 1832 1122 1916 quod
1138 1831 1278 1916 Oedipus
1301 1833 1378 1901 dioi-

272 1941 326 1998 tur
348 1926 530 2021 ἀποκρίνας
552 1935 581 1999 δ.
603 1958 631 1999 κ.
655 1927 791 2000 ἀπῶσαι
813 1926 834 2022 ἢ
855 1937 979 1999 κτεῖναι
986 1983 995 2014 ,
1029 1935 1060 2000 id
1090 1934 1160 2000 sola
1187 1957 1227 2000 ea
1253 1937 1378 2002 ratione

271 2036 425 2122 explicari
447 2044 561 2121 potest,
584 2044 621 2104 ut
643 2038 684 2103 ad
706 2037 803 2102 medii
826 2037 1008 2118 analogiam
1030 2036 1150 2100 activo:
1176 2037 1277 2117 „dans
1300 2038 1378 2102 mihi

272 2159 408 2222 quarum
431 2139 567 2204 duarum
583 2161 759 2224 poenarum
775 2139 891 2222 eligam
908 2140 1065 2204 alteram“
1081 2138 1255 2221 significari
1270 2141 1379 2206 existi-

272 2263 403 2320 memus,
427 2243 712 2327 (quemadmodum
734 2242 838 2306 medio
861 2242 1020 2306 sententia
1043 2240 1161 2305 dieitur
1183 2241 1322 2324 „eligens
1338 2244 1380 2307 ei-

271 2344 334 2424 bi“‚
363 2345 408 2409 sio
430 2345 532 2409 activo
556 2345 639 2409 hano
660 2344 753 2428 prodi
778 2343 938 2427 „aliquem
962 2344 1021 2408 sibi
1044 2343 1215 2426 eligentem
1237 2344 1377 2410 faciens“

272 2447 401 2511 concedi
423 2447 558 2512 fortasse
580 2452 700 2530 potest)
717 2450 751 2530 ¹).
795 2447 858 2512 Sed
880 2452 967 2510 totus
982 2467 1091 2511 versus
1105 2446 1199 2511 valde
1214 2454 1380 2531 suspectus

272 2555 336 2628 est,
373 2551 511 2632 primum
540 2555 672 2636 propter
699 2549 851 2615 violatam
883 2548 1127 2632 stichomythiee
1151 2550 1269 2632 legem,
1306 2570 1379 2615 oum

274 2650 542 2734 quemadmodum
570 2658 636 2714 tres
665 2673 774 2714 versus
805 2655 952 2715 oei-33
982 2650 1084 2715 tribus
1113 2651 1310 2735 respondent
1338 2657 1380 2717 34

274 2756 367 2832 -36,
390 2751 436 2816 sie
458 2751 589 2832 duobus,
613 2752 728 2835 quibus
748 2743 878 2818 Jooasta
901 2751 1069 2816 Creontem
1094 2752 1278 2838 alloquitur,
1300 2754 1380 2819 duos

273 2854 464 2938 respondere
488 2853 634 2918 Creontis
663 2862 895 2938 exspectem,
933 2859 970 2918 ut
991 2855 1133 2919 versibus
1156 2877 1283 2939 quoque
1306 2859 1377 2920 642.

273 2961 324 3022 43.
349 2963 382 3021 et
403 2964 454 3022 44.
479 2962 530 3020 45.
559 2977 669 3040 parem
697 2978 865 3022 numerum
887 2956 1115 3040 praebentibus
1137 2958 1178 3022 ad
1201 2963 1379 3022 extremum

272 3060 376 3125 tribus
398 3065 509 3124 utatur
529 3059 674 3140 locasta3
698 3060 813 3125 deinde
835 3081 945 3124 versus
967 3079 1116 3124 mensura
1137 3065 1269 3143 propter
1291 3053 1379 3123 διοί-

272 3182 361 3246 ρεοιυ
383 3160 547 3245 displioet:
577 3161 668 3225 δυοῖν
687 3163 692 3248 Ι
712 3154 830 3247 dadae.
850 3165 890 3244 2);
920 3161 1057 3245 denique
1080 3161 1160 3226 duas
1181 3162 1266 3226 vocis
1289 3160 1378 3226 δυοῖν

273 3263 413 3344 syllabae
450 3265 482 3327 in
520 3285 617 3327 unam
655 3264 800 3328 contrahi
833 3264 873 3330 ab
908 3269 978 3327 arte
1009 3264 1186 3348 Sophoclea
1217 3264 1378 3329 abhorret.

275 3363 397 3428 Aooedo
419 3363 517 3445 igitur
538 3367 716 3430 sententiae
739 3387 866 3445 eorum,
890 3366 946 3448 qui
967 3386 1092 3430 versum
1116 3366 1288 3431 delendum
1311 3386 1379 3431 esse

273 3469 411 3530 censent.
456 3465 526 3528 Hoc
541 3468 695 3550 exemplo,
718 3468 804 3550 quod
826 3468 953 3532 etiamsi
974 3489 1039 3532 non
1062 3468 1203 3532 alienum
1222 3475 1272 3533 est
1291 3489 1312 3532 a
1333 3488 1378 3547 re,

272 3588 370 3652 quam
392 3571 579 3644 tractamus,
602 3573 711 3632 tamen
734 3570 848 3633 ceteris
870 3591 936 3634 nou
956 3569 1059 3633 simile
1075 3590 1143 3634 esse
1158 3570 1306 3650 concedo,
1328 3570 1378 3634 in-

272 3676 357 3734 serto
379 3669 517 3734 maxime
539 3669 572 3734 id
594 3671 661 3752 egi,
684 3677 721 3734 ut
743 3670 1011 3753 quemadmodum
1034 3671 1210 3755 disputatio
1233 3673 1273 3736 de
1295 3672 1379 3756 ejus·

272 3772 359 3837 modi
387 3772 465 3837 loeis
493 3772 691 3838 instituenda
719 3772 798 3836 mihi
829 3793 896 3836 esse
925 3773 1087 3837 videretur
1115 3773 1294 3858 probarem.
1339 3774 1378 3838 lu

271 3875 354 3940 riam
377 3875 480 3940 redeo.
525 3874 779 3941 Adscribendum
808 3880 857 3939 est
885 3875 920 3938 in
950 3895 1119 3940 numerum
1148 3877 1377 3961 exemplorum,

272 3997 354 4059 quae
377 3977 445 4041 sine
466 3977 562 4042 dubio
585 3977 627 4041 ad
649 3998 748 4060 genus
763 3976 1021 4058 translationum,
1043 3977 1129 4061 quod
1151 3999 1210 4042 nos
1232 3985 1376 4062 occupat,

271 4085 427 4163 spectant,
450 4080 534 4162 quod
556 4080 639 4144 dixit
660 4084 756 4163 poeta
777 4079 811 4145 in
833 4079 948 4145 Traeh.
975 4085 1073 4146 1182:

271 4229 477 4240 .......-....--

344 4325 365 4392 1)
401 4322 500 4380 Verbis
518 4322 558 4375 sie
575 4321 719 4390 explicatis
744 4322 773 4376 in
797 4340 823 4378 v.
842 4325 894 4376 624
911 4340 972 4392 sqq.
996 4320 1066 4378 nihil
1091 4321 1194 4376 mutari
1212 4320 1304 4378 debet.
1341 4319 1376 4375 el.

269 4411 453 4468 Matthieeum
472 4411 499 4464 in
520 4427 562 4479 gr.
580 4409 626 4464 Gr.
645 4409 666 4479 1,
684 4427 711 4478 p.
732 4411 790 4462 128.
808 4409 833 4480 ᾗ,
852 4412 895 4464 56.

340 4498 364 4568 ²)
400 4515 425 4552 v.
444 4497 565 4554 Leutseh
583 4497 702 4554 Grundr.
720 4497 747 4553 d.
767 4515 807 4566 gr.
827 4498 864 4552 M.
884 4498 909 4569 ξ.
923 4498 966 4553 72.

1115 4593 1147 4644 2*
