3600 5334
830 590 871 652 43

302 781 444 848 animum
466 778 587 864 implet.
632 776 786 842 Similiter
806 776 840 842 in
864 775 900 840 0.
925 776 964 840 R.
987 778 1067 840 sel:
1095 766 1229 860 ι’κνηρός
1259 769 1405 852 „dubita-

302 885 422 948 tionem
448 881 613 966 injiciens“
638 883 710 964 (pro
734 879 941 960 „dubitens“)
963 876 1136 962 significat,
1172 874 1351 959 Hesychius
1371 876 1405 939 in

302 987 395 1072 frgm.
420 989 494 1050 107:
517 976 653 1068 α’ραίαςε
675 977 838 1067 βλαβεράς
858 980 961 1046 affert.

389 1088 477 1167 Quae
499 1087 532 1150 in
555 1087 628 1150 Ant.
655 1090 733 1151 1071
758 1084 927 1168 leguntur:

431 1208 582 1300 λ’μοιρον,
606 1207 812 1299 ἀκτέριστον,
836 1207 970 1278 ἀνόσιον
991 1211 1083 1279 νέκυν

303 1346 348 1410 eis
370 1342 507 1408 cadaver
528 1341 725 1427 insepultum
746 1340 890 1424 intellegi
919 1363 993 1407 cum
1022 1342 1093 1407 luce
1115 1341 1158 1406 sit
1179 1340 1312 1420 clarius,
1350 1337 1406 1404 ad-

299 1445 410 1531 jectivi
436 1439 584 1524 ολνόσιος,
624 1444 708 1528 quod
732 1444 910 1528 Hesychius
945 1437 1072 1532 ἄταφος
1102 1444 1258 1529 explicat,
1293 1442 1407 1507 melius

302 1548 490 1614 scholiasta:
525 1542 570 1634 μὴ
592 1541 730 1628 τύχοντα
757 1551 823 1611 τῶν
851 1541 953 1611 ὁσίων
974 1551 1046 1628 νῦν,
1080 1548 1144 1610 rim
1171 1547 1220 1610 ita
1248 1550 1407 1610 mutatam

303 1672 371 1716 esse
391 1671 416 1726 a⁸
432 1653 542 1734 polita,
576 1654 613 1713 ut
633 1649 785 1728 cadaver,
817 1649 916 1732 quod,
949 1649 1025 1733 quia
1049 1643 1313 1723 conlisionem,
1342 1669 1408 1712 non

304 1753 471 1838 sepelitur,
501 1751 714 1835 significetur,
737 1751 839 1834 quivis
860 1749 954 1816 facile
977 1751 1160 1834 intellegat3
1188 1749 1269 1815 conf.
1293 1744 1407 1814 ὁσιοῦν

302 1880 376 1922 τινα
403 1857 443 1942 τῇ
464 1858 504 1940 γῇ
525 1853 710 1918 Philostrat.
735 1852 801 1919 her.
824 1875 854 1937 p.
879 1858 957 1934 714,
990 1845 1123 1919 ἀνόσιον
1151 1844 1256 1940 ὀσμὴν
1273 1855 1303 1937 l)
1331 1854 1405 1916 Ant.

307 1963 388 2022 1083
406 1961 445 2039 2).
461 1995 503 2005 -
525 1956 725 2040 Adjectivum
748 1949 957 2048 ἀσύμβλητος
978 1976 999 2019 a
1019 1956 1150 2039 propria
1169 1958 1215 2034 vi,
1237 1976 1320 2040 quae
1342 1959 1408 2019 est:

256 2067 263 2080 ‘
307 2058 616 2145 „incomparabilis“.
643 2080 716 2123 cum
739 2053 924 2145 σύμβλητος
947 2058 1210 2142 „comparabilis“
1242 2055 1408 2142 significet,

305 2164 338 2227 in
360 2161 474 2228 Trach.
490 2165 553 2226 694
575 2161 616 2225 ad
638 2161 673 2225 id
695 2160 780 2244 quod
803 2160 940 2244 intelligi
962 2161 1075 2243 nequit
1095 2160 1290 2226 translatum
1313 2181 1352 2225 aa
1374 2179 1409 2223 re

306 2265 507 2342 enucleatur,
544 2263 629 2347 quod
651 2283 715 2342 res,
753 2283 891 2346 quacum
913 2284 977 2327 non
999 2262 1153 2328 habemus
1175 2265 1260 2347 quod
1283 2284 1409 2347 compa-

306 2375 409 2447 retur,
446 2365 551 2449 qualis
573 2366 628 2443 sit,
665 2365 811 2448 cognosci
833 2387 897 2430 non
921 2371 1043 2449 potest;
1076 2363 1295 2450 cognoscimus
1324 2365 1409 2430 enim

305 2472 417 2552 ignota
438 2490 510 2532 cum
539 2468 624 2532 notis
645 2473 878 2551 comparantes.
924 2466 976 2532 Sic
999 2467 1171 2551 Aeschylus
1199 2468 1232 2532 id
1255 2467 1339 2551 quod
1362 2467 1410 2533 fa-

308 2571 368 2636 cile
400 2569 593 2652 intelligitur
628 2564 851 2655 εὐσύμβλητον
880 2569 959 2635 (11ο11
986 2570 1021 2634 in
1051 2570 1154 2635 Prom.
1186 2576 1247 2635 775
1272 2573 1312 2649 3).
1370 2572 1410 2637 In

308 2673 357 2757 Α).
378 2675 475 2738 1358:
499 2667 686 2758 ἔμπληκτος
707 2672 728 2736 1.
744 2691 772 2736 a.
791 2672 989 2752 „mut-abilis,
1012 2672 1213 2738 inconstans“
1239 2695 1293 2738 eos
1314 2673 1410 2758 signi·

307 2775 396 2855 licat,
419 2796 555 2858 quorum
578 2774 689 2858 quovis
712 2774 851 2858 impulsu
873 2779 1041 2838 mutantur
1063 2774 1195 2840 consilia
1210 2778 1250 2856 4).

391 2878 462 2957 Qua
483 2878 551 2942 vice
576 2897 711 2957 „causae
734 2881 767 2939 et
789 2874 939 2941 effectus“
964 2877 1119 2957 notiones,
1141 2877 1254 2943 eadem
1278 2877 1410 2962 „culpae

308 2987 340 3045 et
359 2985 500 3065 poenao“
533 2980 618 3044 inter
650 2999 683 3043 se
714 2983 954 3062 permutantur,
992 2984 1030 3042 ut
1057 2979 1090 3044 in
1119 2980 1168 3044 El.
1195 2985 1275 3045 1102
1301 3002 1411 3045 vocem

307 3079 443 3172 ἀζήμιος
465 3077 496 3159 (ὁ
511 3077 654 3168 φράσας)
676 3081 856 3166 significare
881 3080 996 3166 „culpa
1017 3088 1119 3162 vacat,
1141 3083 1233 3148 abest
1254 3104 1274 3148 a
1295 3083 1408 3167 culpn‘

308 3207 371 3250 non
399 3186 441 3250 sit
469 3185 555 3269 quod
581 3185 746 3264 miremur3
785 3205 843 3249 nec
869 3184 972 3268 magis
997 3183 1130 3265 mirum,
1161 3186 1229 3250 vice
1257 3206 1349 3250 versa
1377 3185 1411 3250 in

309 3287 358 3352 El.
383 3291 444 3351 626
474 3284 603 3373 θράσος
633 3287 698 3352 vim
730 3307 852 3371 poenae
882 3293 1014 3372 propter
1044 3288 1214 3353 audaciam
1243 3288 1412 3353 solvendae

309 3389 475 3472 accepisse.
501 3425 537 3436 -
571 3389 735 3472 Siquidem
763 3391 883 3455 crimen
905 3390 1075 3473 pravitatis
1095 3411 1155 3474 pro
1177 3391 1316 3474 quadam
1337 3410 1412 3474 poe·

309 3513 365 3571 na,
403 3496 435 3555 et
463 3490 534 3555 laus
563 3491 691 3556 virtutis
713 3513 772 3577 pro
798 3493 942 3576 praemio
963 3492 1075 3558 haberi
1096 3492 1212 3578 possit,
1249 3492 1411 3558 notionem

308 3595 421 3679 culpae
442 3593 476 3657 in
497 3614 620 3678 poenae
642 3598 676 3657 et
691 3594 818 3659 virtutis
840 3595 873 3658 in
895 3596 1031 3680 praemii
1053 3595 1191 3659 transire
1214 3594 1263 3659 his
1285 3615 1412 3679 quoque

308 3695 462 3780 exemplis
491 3695 735 3780 comprobatur:
773 3688 923 3779 εὐσέβεια
952 3693 1187 3780 ο1ὄοσσέβεια
1217 3696 1287 3761 laus
1310 3697 1413 3782 pieta·

309 3801 350 3866 tis
372 3805 405 3864 et
426 3799 546 3865 crimen
569 3799 745 3884 impietatis
761 3802 805 3881 ⁵),
843 3795 943 3864 κακία
972 3799 1091 3865 crimen
1119 3799 1291 3884 pravitatis
1312 3798 1349 3864 Ο.
1372 3799 1411 3863 R.

308 4001 510 4015 -.-...--

364 4125 385 4194 ¹)
421 4123 456 4179 cl'.
474 4124 627 4178 Bookhium
645 4140 672 4192 p.
692 4121 743 4175 278
762 4123 797 4176 de
815 4140 883 4178 voce
901 4124 1043 4194 καθαγίζα
1060 4124 1256 4191 disputantem.

361 4213 386 4282 1)
421 4212 488 4266 Jure
505 4210 624 4264 fortasse
640 4209 798 4264 Wunderus
816 4227 913 4265 versus
932 4212 1069 4263 loeo-au
1090 4210 1169 4264 uncis
1187 4209 1307 4264 inclusit.

361 4301 384 4370 3)
420 4299 455 4354 ο1.
473 4298 513 4352 ibi
528 4295 741 4352 Blomfieldium.

361 4388 385 4458 ⁴)
418 4385 552 4456 Hesycht
571 4379 755 4456 εὐμετάβολον.

362 4475 385 4543 ⁵)
420 4474 452 4530 G.
471 4473 564 4530 Wolff.
583 4475 618 4529 ed
635 4472 679 4526 El.
697 4473 759 4527 626.
