3600 5334
826 635 865 700 Ἢ

295 817 331 894 O.
348 827 385 893 Ο.
403 831 464 893 313
490 827 585 907 ,solis
607 826 714 892 radios
736 829 866 890 aroeus“
891 823 1060 908 significat,
1081 824 1115 887 in
1137 811 1327 909 ἡλιαστσγής
1341 834 1399 885 our

295 935 437 996 mutetur
459 951 522 995 non
546 935 593 994 est
616 949 714 994 causa
731 932 767 1012 ¹).
795 965 832 976 -

806 1192 834 1276 a.
858 1195 887 1254 o.

382 1334 429 1399 Ab
452 1331 680 1416 adjectivorum
703 1328 742 1394 de
764 1350 827 1412 quo
849 1329 944 1394 modo
967 1327 1106 1393 diximus
1128 1348 1188 1392 usu
1210 1329 1298 1393 baud
1320 1329 1402 1394 mul·

295 1443 363 1502 tum
386 1437 485 1500 distat
505 1435 673 1499 verborum
695 1432 790 1514 vulgo
811 1431 1032 1510 intransitive,
1061 1430 1194 1514 singulis
1215 1432 1293 1497 locis
1315 1431 1401 1516 apud

296 1538 484 1623 Sophoclem
503 1535 674 1601 ‘transitive
696 1535 871 1613 dictorum,
899 1535 920 1598 i.
945 1555 971 1598 e.
994 1534 1164 1598 verborum
1185 1533 1401 1599 factitivorum

296 1661 378 1725 quae
400 1641 608 1704 nominantur
625 1640 670 1717 2);
709 1636 886 1720 dequibus
914 1657 1000 1700 nnnc
1022 1637 1243 1720 disputaturus
1264 1636 1312 1700 ita
1332 1657 1401 1702 rem

296 1744 472 1821 instituam,
496 1746 532 1805 ut
553 1762 573 1804 a
588 1738 773 1805 difficillimo
788 1738 858 1804 loco
874 1739 1058 1823 Sophocleo,
1082 1740 1147 1824 qui,
1169 1740 1286 1803 mirum
1301 1760 1402 1822 quan·

296 1852 374 1925 tum,
397 1843 542 1910 exercuit
555 1842 755 1932 interpretes,
777 1842 948 1926 profectus,
972 1841 1050 1925 quid
1072 1841 1187 1906 hocin
1210 1861 1325 1925 genere
1346 1863 1402 1906 au·

296 1969 349 2013 sus
372 1947 541 2030 aitpoeta,
565 1945 642 2028 quid
663 1945 839 2023 evitaverit,
862 1937 1009 2009 tervisinis
1030 1943 1122 2028 quasi
1145 1943 1403 2009 circumscribere

296 2071 401 2116 coner.
446 2049 483 2114 In
506 2048 542 2112 Ο.
567 2047 602 2112 G.
631 2052 711 2112 1083
741 2048 865 2112 codices
893 2047 974 2112 haec
995 2046 1168 2130 praebent:
1204 2041 1404 2134 θεωρήσασα

233 2157 243 2224 “,
295 2145 417 2235 τούμὸν
438 2144 538 2234 ὄμμα.
564 2179 600 2197 ¹-—
627 2149 652 2212 A
675 2147 796 2214 Theseo
815 2150 898 2232 jussi
921 2150 1005 2214 cives
1028 2149 1160 2214 Colonei
1183 2147 1330 2214 Creontis
1352 2170 1403 2214 oo

296 2256 390 2322 mites
416 2253 575 2338 persecuti
603 2258 694 2331 sunt,
725 2256 762 2315 ut
790 2250 854 2316 illis
885 2252 1078 2335 Antigonam
1107 2257 1205 2335 atquc
1234 2252 1404 2331 Ismcnam,

296 2379 377 2444 quas
407 2377 515 2421 secum
543 2353 761 2433 abduxerant,
793 2354 963 2438 eriperent.
1017 2354 1101 2418 Dum
1123 2354 1203 2419 haec
1225 2360 1318 2419 extra
1338 2375 1404 2420 soe·

296 2483 370 2528 nam
394 2465 549 2545 aguntur,
586 2457 702 2521 chorus
723 2457 762 2521 do
784 2476 910 2540 pugna,
947 2478 1045 2540 quam
1073 2477 1147 2520 mox
1170 2462 1314 2522 orturam
1336 2479 1405 2523 esse

298 2568 491 2646 auguratur,
514 2580 633 2625 canens
656 2559 758 2642 cupit,
786 2565 823 2624 ut
844 2580 998 2643 praesens
1019 2580 1087 2624 rem
1108 2560 1273 2644 adspicere
1294 2562 1403 2644 possit.

299 2665 450 2748 „Utinam
480 2661 648 2727 celerivola
679 2661 826 2726 columba
855 2663 915 2726 sim
944 2668 977 2726 et
1004 2684 1044 2726 ex
1072 2663 1218 2726 aetheria
1240 2663 1323 2728 nube
1345 2663 1405 2728 has

297 2788 421 2852 pugnas
451 2785 531 2848 quas
556 2764 626 2846 jam
655 2763 811 2828 committi
834 2784 975 2847 auguror
997 2764 1097 2829 oculis
1120 2766 1199 2830 meis
1221 2766 1312 2848 sequi
1333 2787 1406 2850 pos·

297 2873 388 2936 sim.“
433 2869 493 2933 His
514 2872 601 2930 recte
624 2865 834 2942 sententiam,
862 2887 945 2948 quae
967 2867 1036 2932 sine
1058 2866 1156 2932 dubio
1178 2867 1320 2932 versibus
1341 2868 1406 2933 illis

297 2972 438 3050 effertur,
460 2969 646 3054 explanavit
668 2967 857 3032 Wunderus.
902 2969 950 3035 De
972 2971 1142 3054 postremis
1163 2970 1280 3035 cantici
1302 2971 1406 3037 verbis

298 3075 445 3142 certatim
461 3074 604 3138 homines
620 3072 706 3136 docti
719 3071 921 3155 conjecturas
935 3073 1153 3156 protulerunt3
1178 3072 1405 3153 sicNauckius,

298 3185 335 3243 ut
356 3183 478 3260 quanta
499 3174 648 3240 mutandi
671 3175 713 3238 sit
735 3172 871 3238 audacia
894 3173 1040 3258 exemplo
1062 3175 1282 3259 comprobem,
1321 3175 1406 3241 Har·

300 3281 403 3360 tungii
433 3279 665 3361 conjecturam,
702 3276 757 3358 qui
780 3276 873 3365 scribi
896 3276 998 3342 voluit
1019 3275 1086 3365 θέᾳ
1108 3272 1282 3364 πλήσασα,
1308 3285 1406 3361 ’ροῦσ-

300 3400 396 3465 quam
424 3379 681 3444 commemoravit
703 3378 810 3444 addit:
851 3378 928 3458 „Ich
957 3380 1040 3445 habe
1067 3377 1135 3468 θέᾳ
1162 3377 1315 3467 σέρψασα
1336 3401 1406 3444 vor·

300 3502 453 3568 gezogen,
486 3479 567 3544 ohne
597 3480 648 3545 die
677 3480 872 3564 Richtigkeit
899 3482 1004 3547 dieser
1034 3483 1260 3567 gewaltsamen
1283 3483 1406 3546 bende-

300 3605 382 3667 rung
404 3583 586 3664 bebaupten
609 3603 648 3646 zu
671 3581 815 3646 wollen.“
861 3582 924 3648 Sed
953 3584 1015 3649 hoc
1043 3584 1147 3649 abiter
1172 3590 1300 3649 tantum
1322 3605 1406 3649 com-

299 3691 512 3766 memoratum
534 3685 584 3749 sit.
629 3684 807 3750 Verborum
821 3687 921 3770 θεωρ.
937 3685 1005 3750 κτλ.
1029 3688 1191 3751 sententia
1211 3687 1253 3752 ad
1274 3687 1406 3753 verbum

299 3790 458 3856 uanslata
483 3787 613 3869 ,videns
634 3807 741 3851 mcum
764 3786 910 3852 oculum“
935 3809 1008 3853 oum
1035 3789 1129 3853 nihili
1156 3791 1216 3870 sit,
1248 3789 1408 3856 Heathins

300 3884 422 3974 τούμὸν
443 3883 534 3973 ὄμμα
555 3890 787 3974 interpretatus
810 3895 875 3956 est:
901 3891 1001 3972 „meis
1022 3890 1143 3956 oculis“
1160 3927 1202 3942 —-
1224 3891 1264 3958 do
1286 3914 1351 3978 qua
1371 3914 1407 3959 rr

301 4016 387 4060 nunc
408 4015 502 4059 nemo
524 3993 644 4079 cogitat
666 4030 721 4073 -,
758 3993 814 4057 alii
844 4014 920 4059 voce
948 3985 1070 4077 τούμὸν
1100 3994 1213 4060 vitium
1239 3997 1406 4076 contineri,

374 4259 393 4327 ¹)
428 4257 528 4326 Locos,
555 4257 654 4326 quibus
677 4259 833 4313 accuratius
858 4259 1014 4328 explicatur
1038 4259 1107 4315 haec
1124 4276 1178 4315 vox
1195 4259 1231 4315 ab
1249 4261 1407 4316 hominibus

301 4347 398 4418 doctis,
418 4345 548 4401 collectos
566 4344 652 4399 habes
671 4347 745 4414 apud
762 4345 934 4400 Ellendtium
954 4364 975 4402 s.
993 4365 1019 4403 v.

371 4435 394 4502 Ἰ)
429 4433 550 4504 Egregie
576 4433 611 4487 de
634 4433 677 4487 his
702 4433 826 4504 disputat
850 4435 1006 4491 Lobcokius
1030 4436 1067 4491 sd
1089 4434 1134 4506 Aj.
1156 4454 1182 4491 v.
1200 4438 1235 4489 40
1253 4439 1282 4490 ct
1298 4454 1325 4491 v,
1345 4437 1407 4491 869.

301 4523 338 4579 cf.
355 4523 448 4578 Herm.
467 4522 503 4577 ad
520 4522 582 4593 vig.
598 4539 625 4593 p.
647 4523 697 4576 194
716 4535 756 4593 sq.
