3600 5334
947 589 988 651 38

499 773 592 838 Nunc
614 771 747 837 afferam
768 773 834 838 alia
856 772 1013 838 nonnulla
1028 793 1110 856 quae
1126 773 1168 838 ad
1189 772 1274 837 idem
1290 793 1391 857 genus
1413 778 1518 838 truns-

413 876 542 942 lationis
577 881 723 961 spectent
754 874 910 959 exempla.
956 874 1054 938 1110.
1078 874 1112 940 O.
1138 881 1156 940 9
1186 875 1272 958 quod
1304 897 1344 940 ex
1375 875 1519 958 Seydleri

414 978 635 1046 emendatione
670 976 821 1042 scribitur
860 976 1049 1042 vocabulum
1082 973 1227 1065 θάκησις
1259 977 1365 1042 sedem
1399 975 1519 1060 signifi-

413 1087 466 1147 cat
485 1085 523 1161 ¹);
547 1079 656 1144 confer
679 1078 759 1144 Phil.
788 1083 842 1144 19:
865 1073 959 1165 ἡλίου
981 1078 1085 1166 διπλῆ
1106 1075 1266 1166 πάρεστιν
1285 1075 1464 1166 ἕνθάκησις
1485 1083 1519 1143 et

336 1205 345 1224 ·
413 1182 613 1248 aMeinekio
635 1185 856 1265 comparatum
880 1179 973 1263 frgm.
998 1185 1058 1245 86:

539 1278 727 1370 τυραννίδος
747 1278 892 1370 θάκησιν
914 1277 1085 1370 αἰσχίστην
1106 1278 1203 1370 ἕδραν
1219 1285 1259 1367 ²).

413 1388 476 1452 Res
499 1408 535 1452 eo
560 1372 781 1465 confirmetur,
817 1385 903 1469 quod
926 1385 1091 1468 complura
1113 1385 1313 1451 substantiva
1335 1385 1367 1450 in
1391 1404 1444 1462 σις
1465 1384 1519 1450 de·

413 1489 551 1555 sinentia
573 1489 691 1567 locum,
722 1487 764 1552 ed
786 1508 879 1570 quern
903 1488 987 1551 actio
1010 1488 1096 1553 verbi
1118 1487 1287 1552 referenda
1309 1493 1371 1567 est,
1399 1487 1519 1572 signifi-

412 1599 501 1670 cant,
534 1597 571 1656 ut
593 1583 720 1676 οἴκησις
748 1590 899 1670 „domus“
917 1592 956 1669 3),
995 1585 1111 1667 στάσις
1143 1591 1278 1671 „statio“
1311 1589 1364 1669 (of.
1389 1589 1518 1655 hetino-

412 1714 484 1758 rum
506 1693 603 1758 verbe
634 1694 668 1758 in
701 1693 732 1758 io
762 1692 966 1776 desinentia).
1012 1693 1089 1757 Vice
1118 1713 1211 1757 versa
1240 1692 1309 1757 voci
1329 1687 1409 1776 ἕδρα
1430 1693 1519 1758 notio

413 1796 548 1860 actionis
567 1795 699 1860 sedendi
722 1794 865 1878 subjecta
886 1796 990 1861 estin
1011 1795 1061 1878 Aj.
1087 1800 1165 1860 811:
1196 1790 1292 1877 ἕδρας
1313 1787 1414 1882 άκμή;
1442 1795 1518 1878 quin

413 1897 509 1962 immo
531 1897 565 1962 in
588 1919 613 1960 v.
631 1901 694 1962 814
717 1897 906 1980 significatio
929 1897 1074 1962 vocabuli
1097 1893 1189 1983 ἔργον
1210 1917 1309 1980 prope
1332 1896 1456 1962 accedit
1476 1897 1519 1962 ed

413 2000 549 2066 actionis
570 1999 634 2064 vim
649 2000 696 2083 ⁴),
719 1999 759 2064 de
781 2021 845 2083 qua
869 2000 938 2065 sola
959 1996 1058 2081 τάχος
1078 1999 1141 2064 dici
1161 2002 1277 2082 potest.
1300 2037 1342 2046 -
1365 2000 1404 2064 In
1426 2000 1463 2064 Ο.
1479 1999 1517 2063 R.

414 2106 477 2167 560
507 2123 582 2166 voce
610 2096 753 2189 χιίρωμα
783 2123 841 2186 pro
870 2097 1021 2189 χείρωσις
1048 2122 1125 2165 usus
1146 2106 1195 2166 est
1215 2103 1320 2184 polita
1343 2139 1385 2151 -
1417 2101 1519 2168 Paulo

413 2205 508 2270 aliter
529 2209 751 2288 comparatum
774 2209 837 2285 est,
868 2204 955 2289 quod
977 2205 1011 2268 in
1033 2202 1146 2268 Trach.
1171 2207 1233 2268 693
1253 2202 1388 2288 legitur:
1419 2198 1519 2290 φάτις

412 2328 495 2386 rem,
529 2307 568 2370 dc
588 2328 651 2391 pcc
679 2307 812 2386 dicitur,
845 2307 991 2372 indicans
1007 2309 1052 2387 5),
1085 2305 1189 2370 verbis
1220 2299 1320 2393 φάτιν
1351 2297 1519 2393 άφραστον

413 2408 625 2492 aequantibus
640 2407 811 2473 formulam
823 2409 974 2474 Latinam
991 2406 1197 2490 „incredibile
1212 2407 1335 2489 dictu“;
1350 2409 1398 2473 itu
1410 2413 1519 2474 autem

413 2510 588 2595 copulatis,
611 2516 648 2575 ut
669 2509 773 2594 figura
795 2511 938 2595 oxymori
960 2531 1043 2595 quae
1066 2510 1184 2575 dicitur
1206 2510 1320 2575 valeat.
1346 2547 1384 2559 -
1408 2512 1446 2576 In
1468 2510 1518 2595 Aj.

414 2618 475 2678 919
504 2607 613 2700 πληγή
647 2611 809 2695 significat
842 2614 927 2697 quod
961 2613 1028 2678 ictu
1061 2611 1217 2690 eflicitur,
1246 2613 1266 2676 i.
1291 2633 1318 2677 e.
1348 2612 1465 2677 vulnus
1480 2613 1518 2695 6).

413 2714 514 2780 Panlo
546 2715 704 2798 copiosius
726 2736 852 2780 necesse
883 2721 933 2780 est
961 2720 998 2780 nt
1029 2715 1172 2780 dicamus
1203 2714 1244 2779 de
1271 2735 1348 2780 uoce
1377 2705 1515 2798 άμογμα,

413 2837 510 2901 quam
545 2816 730 2899 conjectura
761 2818 823 2883 nisi
856 2818 952 2883 fallor
984 2818 1162 2882 certissime
1190 2816 1325 2882 Bothius
1354 2816 1387 2881 in
1413 2816 1519 2900 Ajuois

410 2941 442 2983 ν.
467 2923 528 2983 634
549 2918 660 2982 intulit
681 2941 739 3003 pro
762 2940 814 2999 ea,
838 2941 921 3005 quae
944 2921 977 2984 in
1002 2918 1163 2984 codicibus
1184 2918 1339 2983 traditur:
1367 2911 1518 3004 άμόγμα-

413 3043 463 3085 τα.
510 3019 608 3084 Plura
629 3021 714 3085 enim
738 3028 825 3102 sunt,
857 3023 996 3106 quaein
1020 3042 1059 3086 ea
1080 3042 1155 3086 voce
1177 3019 1357 3101 offendant,
1380 3021 1519 3105 primum

468 3238 487 3305 ¹)
524 3236 662 3306 cipraef.
681 3255 708 3306 p.
728 3236 751 3290 7.

465 3324 488 3395 2)
523 3324 569 3380 Sic
586 3325 672 3378 verba
694 3324 824 3395 leguntur
845 3342 878 3377 ex
896 3323 991 3379 Veteri
1016 3324 1189 3394 conjectura,
1214 3340 1296 3391 quam
1313 3323 1410 3391 probo.
1445 3319 1518 3376 conl.

413 3412 541 3468 Meineke
561 3429 587 3480 p.
610 3413 666 3464 134.

466 3501 489 3568 3)
523 3499 593 3554 Fere
610 3499 762 3553 insolenter
781 3496 852 3551 dixit
869 3501 952 3566 poeta
969 3498 999 3551 in
1016 3498 1087 3551 Phil.
1106 3500 1172 3552 534:
1192 3500 1291 3567 ἴωμεν,
1310 3490 1332 3547 ό
1349 3499 1416 3557 παῖ,
1435 3510 1519 3565 προς-

413 3585 543 3647 κόσαντες
567 3582 618 3652 τὴν
641 3587 696 3640 ἔσω
719 3579 816 3636 dccxcv
843 3587 1039 3651 εἰσοίκησιν
1063 3586 1189 3655 (verbum
1212 3602 1229 3638 a
1251 3585 1386 3654 Sophocle
1402 3582 1519 3652 fictum).

413 3677 554 3731 Nauckius
572 3674 638 3728 hrit.
656 3674 729 3728 Auh.
741 3692 769 3742 p.
784 3673 835 3727 274
855 3672 972 3727 offendit
988 3674 1018 3727 in
1032 3674 1123 3728 verbis
1142 3670 1192 3739 τὴν
1210 3671 1265 3726 ἔσω
1282 3673 1427 3726 immemor
1438 3671 1520 3725 uber·

413 3766 479 3820 tatis
504 3763 604 3832 tragici
630 3762 772 3815 sermonis.
809 3761 934 3814 Schmidt
958 3761 993 3815 de
1014 3762 1104 3815 ubert.
1123 3779 1163 3816 or,
1180 3761 1262 3832 Soph.
1285 3761 1312 3814 II
1329 3778 1356 3830 p.
1377 3761 1418 3812 10.
1453 3759 1519 3813 For·

413 3859 487 3909 tasse
503 3854 594 3907 sutem
612 3849 704 3904 verbis
722 3845 771 3915 τὴν
788 3846 842 3901 ἔσω
860 3851 1012 3914 εἰσοίκησιν
1030 3852 1140 3902 antrum
1157 3848 1306 3917 opponitur
1322 3846 1389 3901 locis
1407 3846 1520 3916 apertis,

413 3945 533 4010 atquae
551 3939 708 3992 Philocteta
726 3937 825 3991 acerbe
842 3937 955 3992 domum
973 3937 1057 3991 dicat.

465 4027 488 4097 4)
522 4026 694 4083 Vocabulum
712 4022 795 4095 ἔργον
812 4027 844 4078 ut
864 4025 1022 4094 saepissime
1040 4023 1102 4078 voci
1123 4018 1205 4092 λόγος
1216 4022 1373 4093 oppositum
1390 4024 1516 4092 poete-

413 4134 467 4188 quo
485 4119 529 4171 est
546 4114 665 4168 novandi
683 4113 775 4166 studio
796 4143 826 4152 -
847 4129 910 4166 cum
929 4111 1064 4182 ejusmodi
1083 4111 1176 4166 verbis
1196 4109 1353 4179 conjunxit,
1377 4114 1410 4163 ut
1427 4109 1518 4163 alieno

414 4204 532 4275 quodam
552 4202 643 4256 colore
661 4204 782 4256 ornetur.
1144 4241 1146 4245 .

466 4289 488 4360 5)
524 4289 680 4344 Wunderus
698 4288 816 4349 similem
833 4288 981 4341 verborum
999 4281 1082 4356 λόγος
1098 4289 1128 4340 et
1144 4285 1212 4345 ἔντος
1228 4303 1309 4340 usum
1326 4288 1477 4354 comparat.

467 4378 490 4447 6)
523 4376 663 4446 pericchio
681 4377 721 4430 ibi
738 4394 789 4445 pro
807 4371 893 4432 νελάν
911 4375 1032 4444 positum
1045 4391 1104 4428 esse
1120 4391 1171 4442 pro
1191 4377 1267 4428 certo
1286 4373 1388 4442 habco,
1407 4376 1440 4426 ut
1456 4371 1518 4428 vice

413 4483 493 4521 versa
509 4459 596 4536 μόνος
612 4481 663 4534 pro
679 4465 817 4533 μονωθείς
833 4463 962 4532 usurpari
978 4478 1062 4533 supra
1077 4461 1205 4517 vidimus.
